1808 2956
64 175 125 222 404
303 182 329 220 Ρ.
347 144 468 219 vnndlnl
488 178 622 218 MARONIS

135 338 284 386 stridentem
298 336 405 384 lundam
418 335 508 398 positis
521 334 666 383 Mezentius
680 334 765 384 hastis

135 425 189 487 ipse
202 432 240 473 ter
253 425 366 473 adducta
379 425 476 472 circum
490 431 568 486 capnt
581 424 636 484 egit
649 424 756 473 habena

65 518 115 562 585
136 521 161 562 et
173 514 258 562 media
272 514 370 561 adversi
384 511 524 575 liquefacto
538 520 658 573 tempora
672 513 782 575 plumbo

136 602 230 649 diffidit
243 617 272 650 ae
285 603 367 651 mults
379 607 526 663 porrectum
540 600 657 647 extendit
669 601 780 649 harena.

170 690 238 736 Tum
251 691 362 752 primum
379 689 448 737 bello
463 689 572 736 celerem
589 688 735 738 intendisse
750 691 874 752 sagittam

136 778 237 836 dicitur,
254 787 313 826 ante
327 777 393 826 feras
407 777 498 825 solitus
512 785 606 824 terrere
619 776 737 839 fugaces,

136 867 263 915 Ascanius
277 865 420 928 fortemque
433 880 512 913 manu
525 864 622 913 fudisse
636 865 800 926 Numanum,

66 962 117 1005 590
138 955 178 1004 eui
191 954 301 1002 Remulo
315 968 460 1015 cognomen
474 961 529 1002 erat
542 953 676 1016 Turnique
690 955 822 1004 minorem

137 1056 382 1113 gennansm'nnper
394 1042 510 1089 thalamo
524 1041 637 1089 sociatus
650 1042 776 1092 habebat.

138 1133 158 1180 is
173 1131 282 1195 primam
295 1137 354 1177 ante
368 1130 449 1177 aciem
462 1131 543 1192 digna
556 1137 633 1192 atque
646 1131 758 1193 indigna
772 1135 857 1199 relatu

138 1219 280 1268 vociferans
295 1218 459 1281 tumidusque
472 1234 539 1266 novo
552 1219 707 1282 praecordis
719 1235 804 1283 regno

138 1308 192 1356 ibat
205 1314 230 1355 et
241 1307 373 1368 ingentem
387 1322 442 1355 sese
455 1307 568 1356 elamore
581 1306 695 1355 ferebat:

69 1403 119 1446 595
136 1387 200 1444 ‘non
214 1396 293 1458 pudet
306 1395 440 1443 obsidione
453 1396 546 1443 iterum
560 1396 681 1457 valloque
695 1399 788 1455 teneri,

140 1485 178 1532 bis
193 1484 260 1547 capti
274 1483 397 1544 Phryges,
413 1490 438 1530 et
450 1484 526 1530 morti
540 1484 710 1546 praetendere
724 1487 833 1534 muros?

140 1590 172 1623 en
186 1574 228 1636 qni
243 1579 330 1620 nostra
344 1571 392 1618 sibi
405 1570 475 1618 bello
489 1571 601 1619 conubia
613 1574 740 1633 poscunt!

141 1664 197 1726 quis
212 1663 273 1710 deus
286 1661 398 1717 Italiam,
415 1674 481 1722 qnae
494 1675 538 1708 vos
552 1661 682 1708 dementis
695 1662 802 1723 adegit?

140 1767 193 1800 non
206 1751 248 1799 hie
261 1749 369 1798 Atridae
383 1763 429 1796 nee
442 1748 513 1796 sandi
528 1749 601 1796 fictor
613 1749 711 1797 Ulixes.

70 1845 121 1888 600
141 1841 233 1887 durum
247 1838 278 1886 ab
292 1838 371 1899 stirpe
383 1851 464 1898 genus
478 1844 553 1884 natos
567 1838 599 1885 ad
614 1837 721 1885 flumina
734 1839 851 1902 primurn

141 1929 278 1976 deserimus
292 1940 419 1988 saevoque
432 1926 493 1986 gelu
507 1925 629 1973 duramus
644 1933 669 1974 et
681 1928 775 1987 undis;

140 2024 233 2065 venatu
247 2015 383 2076 invigilant
395 2014 467 2077 pueri
481 2014 609 2076 silvasque
622 2014 750 2076 fatigant;

140 2106 241 2153 flectere
255 2104 330 2150 ludus
344 2117 424 2164 equos
438 2109 463 2151 et
475 2103 575 2164 spicula
588 2103 692 2152 tendere
706 2119 798 2153 corun.

142 2200 168 2241 at
181 2192 280 2256 patiens
294 2206 400 2255 opernm
414 2205 544 2254 parvoque
558 2192 665 2239 adsueta
677 2192 797 2242 iuventus

71 2287 120 2330 605
141 2288 186 2330 ant
198 2281 285 2329 rastris
300 2289 392 2329 terram
407 2280 495 2327 domat
508 2287 552 2327 aut
566 2281 648 2342 quatit
661 2281 759 2344 oppida
772 2283 856 2332 bello.

141 2385 218 2419 omne
231 2385 320 2418 aevom
333 2370 400 2418 ferro
414 2369 503 2417 teritur
516 2383 639 2431 versoque
652 2369 790 2418 iuvencum

142 2468 214 2520 terga
226 2459 364 2520 fatigemus
378 2458 460 2516 hasta,
476 2472 523 2505 nec
537 2458 610 2504 tarda
622 2466 741 2506 senectus

143 2549 260 2597 debilitat
272 2548 337 2595 adres
351 2546 430 2594 animi
444 2552 576 2608 mutatque
590 2546 713 2606 vigorem,

131 2640 257 2690 canitiem
271 2639 351 2706 galea
364 2635 519 2705 premimus,
533 2648 687 2696 semnernue
697 2637 810 2682 tenentis

52 2740 104 2782 h..
