1808 2956
304 183 451 222 ununmos
474 184 561 223 uranu
577 185 617 224 vi.
799 176 859 224 295

132 337 250 387 turbidus
263 338 306 387 hic
319 352 399 387 caeno
412 346 535 401 vastaque
548 341 671 402 voragine
683 356 778 404 gurges

132 434 234 475 aestuat
246 434 323 489 atque
336 440 439 476 omnem
453 426 551 490 Cocyto
565 436 664 476 eructat
676 429 808 479 harenam.

131 515 242 578 portitor
254 515 301 565 has
314 515 457 564 horrendus
472 531 552 578 aquas
565 523 591 565 et
602 517 709 566 flumina
721 526 805 569 servat

132 603 240 652 terribili
253 605 374 666 squalore
388 603 502 663 Charon,
519 605 559 653 cui
573 605 686 667 plurima
698 616 785 654 mento

58 697 112 741 300
133 692 240 740 canities
253 692 351 740 inculta
364 692 438 751 iacet,
455 700 524 741 stant
537 693 636 742 lumina
648 694 760 753 flamma,

132 780 252 829 sordidus
265 795 297 828 ex
310 781 404 828 umeris
417 782 487 830 nodo
501 782 630 844 dependet
642 782 761 829 amictus.

133 868 188 931 ipse
201 876 283 918 ratem
296 876 373 917 conto
386 869 483 931 subigit
495 871 610 933 velisque
622 870 751 919 ministrat

133 963 158 1005 et
170 957 317 1019 ferruginea
329 957 461 1006 subvectat
474 972 583 1020 corpora
599 957 700 1016 cumba,

132 1044 292 1103 inmemor,
308 1046 352 1093 sed
367 1046 447 1094 cruda
460 1046 508 1094 deo
521 1047 661 1109 viridisque
674 1053 800 1094 senectus.

59 1138 112 1182 305
133 1132 184 1182 huc
197 1134 281 1181 omnis
293 1133 369 1181 turba
382 1133 414 1180 ad
428 1134 496 1196 ripas
510 1134 591 1182 effusa
604 1134 703 1192 ruebat,

133 1226 227 1270 matres
240 1228 318 1283 atque
331 1221 386 1280 viri,
403 1220 574 1284 defunctaque
588 1237 697 1284 corpora
709 1222 762 1270 vita

133 1310 328 1370 magnanimum
346 1309 466 1367 heroum,
486 1311 557 1371 pueri
572 1311 747 1373 innuptaeque
759 1311 863 1373 puellae

134 1397 291 1461 inpositique
304 1398 374 1458 rogis
387 1397 490 1446 iuvenes
503 1405 562 1446 ante
576 1413 621 1446 ora
633 1405 778 1461 parentum,

135 1501 214 1548 quam
225 1487 308 1535 multa
320 1487 347 1532 iu
360 1486 430 1534 silvis
444 1487 560 1535 autumni
574 1487 669 1549 frigore
682 1487 766 1551 primo

60 1580 116 1623 310
136 1575 210 1637 lapsa
222 1575 319 1622 cadunt
331 1573 395 1622 solia
408 1575 497 1622 autad
511 1581 605 1623 terram
617 1575 720 1637 gurgite
733 1575 765 1622 ab
779 1575 833 1625 alto

135 1678 213 1725 quam
224 1663 320 1711 multae
331 1663 508 1724 glomerantur
522 1677 589 1720 aves,
605 1663 648 1710 ubi
659 1663 768 1724 frigidm
780 1677 862 1711 annus

135 1757 205 1799 trans
218 1757 327 1813 pontum
340 1751 412 1812 sugat
425 1758 450 1799 et
462 1751 536 1799 terris
549 1751 656 1799 inmittit
668 1751 770 1813 apricis.

135 1839 238 1887 stabant
250 1846 353 1887 orantes
366 1840 441 1902 primi
455 1840 626 1887 transmittere
639 1853 742 1887 cursum

135 1927 325 1989 tendebantque
339 1943 430 1977 manns
443 1929 515 1990 ripae
528 1927 657 1976 ulterioris
670 1941 767 1976 amore.

61 2021 115 2064 315
135 2016 222 2064 navita
235 1994 278 2065 sed
292 2017 371 2064 tristis
384 2031 454 2064 nuuc
467 2016 514 2064 hos
527 2031 597 2064 nuuc
610 2016 704 2078 accipit
716 2016 785 2075 illos,

136 2113 175 2154 ast
188 2105 252 2154 alios
266 2106 344 2166 longe
357 2103 490 2152 submotos
503 2112 573 2153 arcet
585 2104 691 2152 harena.

135 2195 238 2242 Aeneas
251 2193 357 2240 miratus
371 2193 440 2241 euim
452 2200 589 2255 motusque
601 2193 713 2241 tumultu

134 2276 192 2330 ‘dic'
206 2281 250 2341 ait,
262 2269 290 2328 ‘0
304 2281 389 2342 virgo,
406 2281 467 2343 quid
480 2281 534 2328 volt
547 2295 687 2328 concursus
700 2279 733 2328 ad
746 2277 864 2327 amnem?

136 2371 228 2432 quidve
241 2376 331 2432 petunt
344 2369 464 2418 animae?
483 2370 521 2418 vel
536 2383 587 2432 quo
601 2368 748 2417 discrimine
761 2367 830 2430 ripas

63 2464 116 2507 320
135 2458 185 2508 hae
199 2459 307 2516 lincunt,
322 2458 383 2506 illae
396 2457 472 2505 remis
484 2459 551 2505 vada
563 2457 643 2506 livida
654 2445 783 2505 verrunti'

136 2548 182 2596 olli
196 2549 232 2597 sic
245 2546 355 2597 breviter
367 2546 421 2594 iata
433 2553 471 2594 est
483 2547 615 2608 longaeua
624 2544 762 2594 saeernun.

131 2635 253 2684 ucetica
263 2643 402 2704 generate,
419 2638 502 2693 deum
514 2635 672 2692 certissima
682 2631 796 2701 prule&
