1808 2956
66 177 80 223 2
88 177 103 223 2
111 177 126 223 6
304 185 329 222 P.
347 184 469 223 VERGILI
490 184 620 223 Mnnonls

136 341 220 404 qualis
232 341 277 388 ubi
290 340 425 389 hibernam
438 339 545 402 Lyciam
558 340 708 403 Xanthique
721 342 821 391 fluenta

136 430 230 480 deserit
242 445 272 478 55
285 429 381 477 Delum
395 436 538 477 maternam
551 429 638 476 invisit
650 431 749 492 Apollo

67 525 115 568 145
135 520 312 580 instauratque
326 517 418 565 choros
432 517 556 578 mixtique
570 517 663 566 altaria
676 519 773 566 circum

137 607 277 670 Cretesque
284 607 453 669 Dryopesque
464 605 576 654 fremunt
587 606 700 669 pictique
707 607 851 670 Agathyrsi
861 627 867 670 3

136 697 193 760 ipse
205 696 273 758 iugis
287 693 382 757 Cynthi
395 695 511 756 graditur
524 696 650 758 mollique
662 696 784 744 fluentem

136 785 228 833 fronde
240 784 333 847 premit
345 783 442 832 crinem
456 784 554 844 lingens
571 791 648 846 atque
665 784 775 846 inplicat
792 801 867 846 auru,

136 874 189 922 1515
201 880 297 921 sonant
308 872 418 920 umeris:
440 872 509 920 haud
523 873 570 920 illo
584 873 687 934 segnior
699 873 755 921 ibat

70 969 117 1012 150
137 964 256 1022 Aeneas3
277 967 377 1009 tuntum
390 961 495 1022 egregio
509 962 586 1009 decus
600 962 679 1009 enitet
692 976 745 1009 ore.

137 1058 274 1114 postquam
299 1050 366 1097 altos
390 1056 494 1097 ventum
518 1050 546 1097 in
571 1053 671 1098 montes
697 1056 774 1112 atque
798 1052 870 1102 invia

439 1139 527 1198 lustra,

138 1241 198 1276 ecce
211 1225 280 1274 ferae
292 1226 349 1274 saxi
363 1227 477 1276 deiectae
489 1227 583 1275 vertice
596 1242 690 1290 caprae

138 1317 272 1364 decurrere
285 1315 361 1377 iugis,
376 1316 430 1365 5115
442 1316 474 1364 (15
487 1323 560 1379 parte
572 1323 688 1379 patentes

137 1404 314 1453 transmittunt
327 1419 402 1452 cursu
416 1419 521 1468 campos
535 1411 612 1467 atque
625 1405 730 1466 agmina
743 1405 809 1452 cervi

69 1500 116 1543 155
137 1494 316 1557 pulverulenta
328 1493 391 1556 luga
403 1495 550 1556 glomerant
561 1501 714 1556 montesque
727 1493 867 1543 relincunt.

140 1589 166 1630 at
178 1597 242 1646 puer
253 1583 382 1630 Ascanius
395 1583 486 1630 mediis
499 1583 526 1629 in
539 1583 649 1631 vallibus
663 1583 716 1631 acri

138 1673 236 1734 gaudet
253 1686 336 1733 equo,
361 1671 466 1734 iamque
484 1671 532 1718 hos
552 1685 643 1730 cursu,
670 1671 722 1719 iarn
745 1673 871 1733 praeterit

439 1761 509 1819 illos,

139 1855 353 1911 spumantemque
366 1849 420 1897 dari
435 1863 529 1911 pecora
541 1848 609 1897 inter
620 1849 714 1896 inertia
726 1849 791 1896 votis

139 1943 212 2000 optut
223 1952 314 1999 aprum
325 1944 369 1985 aut
379 1937 477 1985 fulvom
490 1938 645 1986 descendere
656 1944 743 1984 monte
754 1938 867 1987 leonem.

70 2029 119 2073 160
174 2026 276 2074 Interea
288 2039 384 2087 magno
397 2026 498 2074 misceri
511 2039 640 2072 murmure
654 2025 755 2072 caelum

138 2114 245 2177 incipit3
265 2114 409 2176 insequitur
423 2114 564 2162 commixta
575 2113 701 2174 grandine
714 2114 832 2176 nimbus3

139 2210 165 2251 et
176 2203 246 2265 Tyrii
260 2203 368 2251 comites
381 2203 477 2265 passim
491 2209 516 2250 et
527 2201 643 2249 Troiana
655 2201 773 2250 iuventus

138 2292 339 2353 Dardaniusque
351 2302 433 2354 nepos
446 2291 554 2339 Veneris
568 2291 668 2339 diversa
680 2305 726 2353 per
739 2307 815 2353 agros

140 2386 207 2430 tecta
220 2388 290 2428 metu
303 2380 413 2442 petiere:
435 2387 513 2427 ruunt
526 2380 557 2428 de
569 2380 701 2427 montibus
715 2395 813 2428 amnes.

71 2473 120 2516 165
140 2469 291 2531 speluncam
303 2467 372 2516 Dido
387 2469 440 2516 dux
452 2475 478 2516 et
490 2468 618 2517 Troianus
632 2469 741 2516 eandem

140 2556 286 2604 deveniunt.
311 2557 397 2620 prima
410 2565 435 2605 51
447 2556 536 2605 Tellus
550 2564 576 2605 et
588 2557 707 2620 pronuba
719 2557 784 2605 Iuno

122 2644 191 2692 dant
200 2647 329 2711 signum
351 2649 454 2700 fulsere
466 2649 545 2714 ignes
558 2654 587 2697 et
596 2644 721 2696 conscius
732 2641 821 2688 semer
