1808 2956
46 104 108 153 294
286 114 311 152 P.
328 113 450 153 venena
470 112 601 153 eunome

115 269 230 332 luppiter
243 277 268 318 et
280 269 355 318 rebus
368 284 422 317 nox
434 269 541 317 abstulit
552 277 609 318 atra
621 271 751 321 colorem.

115 358 269 406 vestibulum
286 366 345 406 ante
358 359 443 421 ipsum
456 358 596 421 primisque
609 359 636 406 in
652 360 773 410 faucibus
787 361 842 411 Orci

115 446 212 495 Luctus
226 455 252 495 ot
263 448 367 495 ultrices
380 461 490 509 posuere
502 447 599 495 cubilia
611 445 699 497 Curae

42 537 95 583 275
116 535 295 597 pallentesque
308 534 426 582 habitant
438 535 523 583 Morbi
536 536 667 598 tristisque
680 535 807 586 Senectus

116 630 141 673 et
153 623 238 672 Metus
250 630 277 671 et
288 624 440 671 malesuada
451 623 543 671 Fames
556 639 586 672 ac
599 625 681 686 turpis
694 624 814 687 Egestas,

116 711 241 760 terribiles
254 712 310 759 visu
323 712 430 770 formae,
445 712 590 775 Letumque
602 712 760 775 Labosqne3

115 806 170 847 tum
184 800 391 861 consanguineus
404 799 462 848 Leti
476 800 560 862 Sopor
573 808 599 848 et
610 801 682 848 mala
693 802 790 850 mentis

116 886 220 936 Gaudia
232 889 443 950 mortiferumque
456 890 563 938 adverso
576 889 603 936 in
616 889 707 939 limine
720 891 825 939 Bellum

45 981 97 1024 280
117 977 244 1039 ferreique
266 976 440 1024 Eumenidum
463 977 571 1025 thalami
594 985 620 1025 st
641 977 784 1028 Discordia
807 981 845 1028 de

419 1079 500 1122 mens,
882 1022 885 1105 Ι

116 1153 247 1215 vipereum
260 1153 357 1200 crinem
369 1152 436 1200 vittis
450 1153 546 1200 innexa
558 1154 679 1202 cruentis.
883 1134 886 1147 Ι

151 1242 181 1289 Iu
195 1241 281 1289 medio
294 1256 379 1288 ramos
391 1256 542 1304 annosaque
555 1242 677 1290 bracchia
690 1245 785 1306 pandit
883 1206 888 1283 Ι-

116 1330 201 1377 ulmus
215 1345 305 1392 opaca,
321 1330 421 1390 ingens,
438 1344 516 1392 quam
528 1331 616 1378 sedem
629 1329 744 1379 Somnia
752 1334 830 1395 volgo

115 1432 182 1466 vana
195 1425 281 1467 tenere
294 1419 378 1466 ferunt
390 1419 511 1481 foliisque
524 1419 571 1466 sub
590 1419 713 1467 omnibus
729 1420 843 1470 haerent.

46 1511 96 1554 285
116 1507 249 1570 multaque
262 1514 394 1570 practerea
406 1508 535 1554 variarum
548 1515 664 1555 monstra
676 1508 800 1568 ferarum,

117 1593 241 1645 Centauri
259 1596 286 1643 in
303 1595 400 1642 foribus
413 1594 544 1642 stabulant
558 1595 712 1659 Scyllaeque
725 1597 847 1647 biformes

117 1691 142 1732 et
155 1685 377 1746 centumgeminus
391 1684 512 1731 Briareus
525 1699 556 1732 ac
569 1683 646 1733 belua
657 1684 769 1744 Lernae,

117 1772 275 1821 horrendum
286 1773 406 1831 stridens,
418 1773 580 1835 flammisque
590 1782 689 1821 armatu
697 1772 846 1831 Chimaera,

118 1859 254 1924 Gorgones
274 1862 455 1924 Harpyiaeque
475 1869 500 1908 et
518 1861 601 1908 forma
620 1861 771 1924 tricorporis
795 1879 849 1911 um·

419 1949 488 1997 brae.

46 2043 99 2087 290
118 2039 225 2101 corripit
238 2039 280 2087 hic
292 2037 377 2085 subita
390 2038 504 2100 trepidus
517 2022 655 2085 formidine
668 2037 766 2086 serrum

118 2129 220 2176 Aeneas
234 2126 400 2189 strictamque
413 2126 495 2175 aciem
508 2125 668 2174 venientibus
682 2126 760 2175 offert

118 2225 151 2275 et,
167 2216 194 2263 ni
208 2216 284 2263 docta
297 2230 382 2264 eomes
397 2216 479 2264 tenuis
493 2216 548 2263 siue
562 2224 669 2277 corpore
682 2216 747 2263 vitas

119 2305 258 2353 admoneat
271 2305 377 2352 volitare
390 2319 452 2351 cura
465 2303 511 2350 sub
525 2304 638 2365 imagine
651 2303 760 2361 formae,

118 2393 205 2441 inruat
217 2400 242 2442 et
254 2393 349 2441 frustra
361 2392 429 2440 ferro
443 2391 585 2440 diverberet
596 2392 710 2440 umbras.

47 2487 98 2530 295
153 2480 222 2530 Hinc
238 2482 281 2529 via
292 2481 409 2530 Tartarei
430 2494 496 2543 quae
515 2480 564 2529 fert
576 2481 732 2529 Acherontis
752 2483 784 2530 ad
803 2495 850 2530 un·

424 2571 483 2620 das.
