1808 2956
35 107 49 153 2
58 106 95 154 88
273 114 299 154 P.
317 113 438 153 vnnornl
456 112 590 154 Mnnorus

103 273 172 320 idem
185 286 261 319 orans
275 270 397 320 mundata
410 270 496 319 dabat.
528 272 659 335 gnatique
672 274 805 337 patrisque,

105 363 183 418 ulma,
199 375 298 422 precor,
314 348 433 407 miserere
444 359 823 424 (potcsnamqucomnianecte

103 451 260 512 nequiquam
275 449 339 496 lucis
353 448 448 496 Hecntc
461 448 586 510 praefecit
597 451 738 513 Auernis),

103 541 123 587 si
137 539 221 602 potuit
233 538 316 584 mauis
330 552 457 585 arcessere
472 537 590 598 coniugis
606 537 744 601 Orpheus,

35 635 83 676 120
103 629 223 675 Threicia
236 627 314 674 frctus
328 626 427 674 cithera
440 625 584 687 fidibusque
599 628 718 688 canoris,

104 718 124 765 si
138 717 241 764 imtrcm
255 716 349 762 Pollux
363 715 463 763 alterne
475 722 556 762 morte
570 715 683 764 redemit

103 807 173 868 itque
190 806 307 866 rcditque
325 804 392 851 viam
410 804 511 851 totiens.
546 803 609 864 quid
624 804 747 864 Thesea,
768 818 824 864 mag·

406 907 468 939 uum

104 983 165 1045 quid
192 997 331 1029 memorem
350 980 479 1028 Alciden?
509 986 534 1026 ct
556 979 591 1026 mi
615 994 701 1041 genus
727 983 760 1031 ab
778 983 825 1031 lore

403 1059 523 1116 summo?

138 1160 246 1207 Talibus
260 1159 351 1206 orabat
364 1158 437 1206 (lictis
451 1171 561 1218 erasque
574 1156 689 1217 tenebat,
884 1164 902 1205 1

35 1255 82 1297 125
104 1264 162 1296 cum
175 1249 211 1296 sic
225 1263 284 1295 orsa
297 1248 368 1309 loqui
383 1255 460 1294 vetes.
485 1235 550 1293 ‘sate
564 1246 693 1306 sanguine
708 1248 803 1305 divom,

102 1339 167 1385 Tros
182 1337 349 1394 Anchisiade,
366 1336 448 1384 facilis
462 1335 598 1382 descensus
612 1335 735 1396 Avcru03

102 1434 190 1474 noctes
205 1432 281 1487 atquc
295 1426 349 1473 dies
362 1432 433 1487 petet
445 1425 493 1472 etri
506 1425 585 1472 ianua
596 1423 682 1470 Ditis:

102 1517 145 1563 scd
160 1530 278 1563 revocure
292 1515 401 1575 gradum
413 1526 571 1575 superasque
585 1512 693 1561 evadere
705 1514 739 1561 ud
749 1506 827 1569 aurai,

102 1605 239 1666 hocopus,
256 1604 296 1651 hic
311 1603 384 1651 labor
397 1612 442 1682 cst.
467 1602 553 1664 pauci,
569 1615 633 1663 quos
647 1615 726 1649 accus
740 1601 830 1649 amarit

35 1699 83 1741 130
104 1694 217 1756 Iuppiter
231 1700 274 1741 unt
287 1693 380 1740 ardeus
394 1691 477 1739 evexit
490 1691 521 1737 ad
536 1689 641 1738 aethera
654 1689 745 1749 virtus,

104 1784 141 1829 dis
155 1783 234 1843 geniti
248 1789 363 1843 potuere.
392 1788 480 1826 tenent
492 1779 578 1826 media
592 1777 681 1825 omniu
694 1779 776 1827 silvae

104 1870 266 1933 Cocytosque
280 1870 338 1916 sinu
352 1868 440 1916 labens
455 1867 620 1915 circumvenit
634 1873 700 1913 utro.

104 1960 172 2021 quod
186 1960 207 2006 si
221 1966 306 2006 tantus
320 1973 393 2005 mnor
406 1957 493 2014 menti,
510 1957 531 2003 si
545 1962 617 2002 tante
630 1954 726 2016 cupido

103 2048 141 2095 bis
155 2048 257 2109 Stygios
272 2047 362 2094 innare
375 2047 455 2103 lacus,
472 2044 510 2091 bis
525 2044 598 2104 nigre
610 2043 696 2090 videre

35 2141 82 2184 135
103 2137 220 2193 Tartara,
237 2142 262 2183 et
274 2135 366 2182 insano
380 2135 448 2181 iuvat
461 2134 595 2193 indulgere
609 2131 701 2191 labori,

104 2225 191 2287 accipe
205 2240 271 2287 quac
284 2225 432 2286 peragenda
445 2223 523 2284 prius.
552 2222 614 2269 lutet
627 2220 719 2287 arbore
733 2236 815 2285 opaca

103 2328 195 2362 aureus
209 2324 234 2362 ct
246 2313 315 2360 foliis
329 2320 354 2360 et
367 2312 437 2360 lento
450 2312 544 2358 vimine
558 2324 652 2367 ramus,
871 2316 874 2349 ι

103 2402 197 2450 Iunoni
211 2401 326 2449 infernae
340 2401 423 2448 dictus
437 2414 524 2447 sacer:
546 2398 615 2445 hunc
628 2397 692 2457 tegit
705 2398 790 2445 omnis
872 2376 877 2501 ἱ

103 2491 175 2538 lucus
189 2498 214 2538 ct
227 2489 342 2537 obscuris
356 2489 480 2536 claudunt
493 2486 652 2535 convallibus
665 2486 782 2536 umbrae.

28 2586 80 2630 140
96 2580 145 2630 sed
156 2595 209 2628 non
222 2587 284 2630 unte
298 2579 375 2629 datur
388 2577 491 2627 tciinris
504 2582 598 2638 oneres
608 2574 707 2626 smine,
