1808 2956
55 174 116 225 420
293 184 319 223 Ρ.
336 181 457 223 varana
477 180 610 223 unaorns

160 339 285 389 Massicus
299 346 387 388 aerata
400 339 518 402 princeps
532 345 604 388 secat
616 353 735 400 aequora
748 339 767 388 ti

124 429 171 477 sub
185 444 237 492 quo
251 430 322 478 mille
335 443 427 477 manus
440 428 560 476 iuvenum
575 427 619 489 qui
633 425 769 476 moenia(

126 518 222 581 quique
235 517 324 566 urbem
337 517 436 578 liquere
447 515 546 573 Cosas3
566 516 625 577 quis
639 517 695 564 tela
707 517 769 579 sagi

126 606 261 669 gorytique
274 607 342 654 leves
354 605 449 653 umeris
462 611 487 653 et
500 604 583 652 letifer
597 619 682 653 arcus.

59 700 107 744 110
127 709 178 742 una
190 701 276 742 torvos
288 694 376 742 Abas:
398 693 458 741 huic
471 701 553 740 toturn
565 692 714 754 insignibus
729 709 769 742 arr

126 797 219 845 agmen
233 792 258 831 et
271 789 361 830 aurato
374 781 490 843 fulgebat
502 782 627 843 Apolline
643 783 751 846 puppis.

126 879 256 920 sescentos
269 871 307 918 illi
321 871 427 918 dederat
439 869 587 931 Populonia
599 878 683 918 mater

127 968 245 1023 expertos
258 958 319 1007 belli
333 959 445 1016 invenes,
461 965 501 1005 ast
513 958 568 1005 Ilva
580 966 712 1007 trecentos

127 1050 221 1107 insula,
236 1046 396 1096 inexhaustis
411 1044 557 1108 Chalybum
569 1061 699 1107 generosa
711 1057 770 1097 met

61 1143 108 1187 175
128 1138 216 1186 tertius
230 1137 274 1184 ille
287 1135 422 1182 hominnm
435 1134 572 1197 divomque
585 1135 713 1198 interpres
726 1138 770 1186 As:

129 1225 169 1272 cui
183 1225 311 1286 pecudum
325 1224 411 1283 fibrae,
428 1225 492 1273 caeli
507 1223 547 1271 cui
560 1223 647 1270 sidera
660 1233 756 1285 parent

130 1320 155 1361 et
167 1313 271 1373 linguae
284 1313 417 1360 volucrum
431 1320 455 1360 et
467 1311 585 1375 praesagi
599 1311 718 1360 fulminis
732 1315 770 1376 igr

129 1401 200 1448 mille
213 1400 281 1463 rapit
295 1401 387 1449 densos
401 1401 456 1449 acie
469 1408 546 1462 atque
560 1399 727 1450 horrentibus
741 1403 770 1451 hs

130 1489 178 1537 hos
192 1503 280 1552 parere
293 1489 382 1538 iubent
395 1489 513 1552 Alpheae
526 1488 626 1549 origine
639 1487 727 1549 Pisae,

62 1583 110 1626 180
129 1577 189 1626 urbs
203 1578 311 1626 Etrusca
324 1579 389 1626 solo.
417 1579 533 1640 sequitur
545 1576 736 1639 pulcherrimus
750 1581 770 1628 A

129 1668 207 1730 Astyr
221 1681 287 1729 equo
300 1666 381 1714 fidens
395 1673 420 1714 et
432 1665 629 1714 versicoloribus
643 1667 733 1715 armis.

129 1763 270 1804 tercentum
284 1755 399 1802 adiciunt
412 1755 496 1817 (mens
510 1753 628 1801 omnibns
643 1769 697 1803 una
709 1770 770 1819 sequ

130 1843 174 1906 qui
189 1841 296 1892 Caerete
310 1844 396 1902 domo,
413 1843 456 1906 qui
470 1850 529 1890 sunt
542 1842 665 1890 Minionis
679 1843 706 1890 in
721 1859 770 1892 arv:

130 1939 155 1980 et
167 1931 244 1993 Pyrgi
257 1939 353 1980 veteres
368 1931 587 1993 intempestaeque
601 1930 751 1981 Graviscae.

62 2024 110 2067 185
164 2019 223 2067 Non
236 2034 285 2080 ego
299 2027 331 2077 te,
348 2018 473 2080 Ligurum
486 2020 578 2068 ductor
590 2019 729 2068 fortissime
742 2021 770 2070 br

130 2108 283 2166 transierim,
300 2106 403 2169 Cinyrc‚
419 2115 445 2155 et
456 2107 545 2170 paucis
559 2106 680 2155 comitate
693 2106 771 2172 Cupa

130 2196 202 2244 cuius
216 2197 331 2244 olorinae
344 2203 453 2257 surgunt
466 2196 498 2243 de
512 2194 604 2243 vertice
617 2195 722 2257 pinnae,

130 2284 227 2333 crimen
240 2300 313 2333 amor
325 2291 436 2333 vestrum
450 2284 598 2346 formaeque
611 2283 713 2345 insigne
723 2294 770 2347 put

130 2387 242 2435 namquo
254 2373 339 2422 icrunt
352 2373 422 2420 luctu
437 2370 552 2434 Cycnum
566 2371 736 2422 Phaethontia
751 2389 771 2423 ar

62 2467 111 2511 190
130 2463 254 2525 populeas
268 2462 333 2510 inter
346 2461 450 2509 frondes
463 2460 632 2522 umbramque
645 2475 766 2510 sororum

131 2552 192 2599 dum
205 2551 275 2599 canit
287 2559 312 2598 ct
324 2559 450 2597 maestum
462 2563 536 2596 musa
548 2549 647 2596 solatur
659 2564 771 2600 amorerr

120 2649 264 2697 canentem
276 2641 355 2694 molli
367 2640 460 2708 pluma
472 2637 581 2687 dumsse
591 2642 734 2693 senectam,
