1808 2956
239 199 386 239 saunrnos
405 201 492 238 urnas
508 199 561 238 xn.
741 190 799 238 509

75 362 100 404 et
113 355 210 403 nodum
222 355 338 404 informis
352 357 394 405 leti
410 357 480 405 trabe
493 357 573 405 nectit
585 357 616 403 ab
631 356 693 405 alta.

76 459 155 507 quam
169 444 268 492 cladem
282 445 389 493 miserae
402 452 539 507 postquam
552 459 674 507 accepere
683 445 800 502 Latinae,

30 539 54 580 l5
75 533 131 580 lilia
143 533 226 594 prima
239 547 317 580 manu
330 533 407 580 floros
421 533 529 581 Lavinia
542 534 619 580 crinis

75 629 100 668 et
113 634 199 667 roseas
212 621 310 668 laniata
322 635 410 682 genas,
428 629 482 669 tum
495 629 579 670 cetera
592 621 688 669 circum

75 708 151 755 turba
163 708 240 768 furit;
261 719 383 757 resonant
396 710 448 758 late
460 710 629 773 plangoribus
644 710 729 758 aedes.

74 797 135 844 hine
149 803 230 845 totam
243 797 334 845 infelix
347 799 466 859 volgatur
478 799 548 846 fama
561 813 606 861 per
620 799 717 846 urbem.

75 885 212 933 demittunt
225 892 331 944 menteS,
347 887 367 934 it
380 887 459 935 scissa
471 895 539 935 veste
553 887 670 945 Latinus,

30 979 54 1022 l0
75 974 192 1035 coniugis
206 974 329 1021 attonitus
343 974 401 1022 fatis
415 976 535 1037 urbisque
549 976 632 1033 ruina,

75 1062 195 1110 canitiem
208 1063 334 1110 inmundo
348 1063 477 1125 perfusam
491 1064 594 1125 pulvere
608 1071 722 1126 turpans,

74 1152 207 1214 multaque
220 1166 247 1199 se
260 1151 369 1209 incusat,
386 1152 429 1213 qui
443 1166 496 1199 non
510 1153 637 1214 acceperit
650 1159 708 1200 ante

74 1238 235 1286 Dardanium
248 1242 355 1288 Aenean
369 1255 543 1303 generumque
557 1241 692 1290 adsciverit
705 1240 780 1288 ultro.

108 1328 210 1376 Interea
222 1337 336 1376 extremo
351 1329 461 1377 bellator
473 1331 500 1376 in
514 1345 626 1392 aequore
639 1330 741 1377 Turnus

30 1421 54 1462 l5
75 1417 187 1477 palantis
201 1418 315 1479 sequitur·
328 1433 424 1479 paucos
439 1419 490 1466 iam
504 1420 607 1481 segnior
620 1429 697 1480 atque

76 1504 128 1549 iam
142 1504 225 1551 minus
239 1513 316 1566 atque
329 1507 413 1554 minus
427 1522 545 1555 successu
559 1508 641 1555 laetus
655 1520 789 1568 equorum.

78 1590 163 1636 attulit
176 1591 244 1638 hunc
257 1592 295 1638 illi
309 1595 392 1641 caecis
406 1595 544 1642 terroribus
559 1611 621 1643 aura

78 1678 245 1726 commixtum
259 1680 397 1728 clamorem
411 1690 572 1744 arrectasque
585 1683 679 1746 inpulit
692 1683 762 1730 auris

77 1767 200 1815 confusae
213 1782 291 1815 sonus
305 1768 374 1816 urbis
388 1777 412 1816 ct
425 1769 574 1817 inlaetabile
587 1785 711 1818 murmur.

30 1862 57 1904 20
74 1846 108 1903 ‘ei
122 1855 194 1914 mihi,
211 1857 272 1919 quid
287 1865 357 1904 tanto
372 1858 507 1906 turbantur
520 1859 623 1907 moenia
636 1859 724 1907 luctu?

78 1945 165 2006 quisve
178 1945 230 1992 ruit
243 1952 327 1993 tantus
342 1946 441 1994 diversa
454 1947 552 1994 clamor
564 1947 596 1995 ab
610 1939 705 1997 urbei'

76 2033 113 2080 sic
127 2034 162 2080 ait
175 2034 344 2096 adductisque
357 2049 445 2083 amens
459 2035 573 2084 subsistit
585 2036 702 2085 habenis.

78 2122 162 2184 adque
175 2123 244 2182 huic,
260 2123 287 2170 in
301 2124 394 2172 faciem
407 2139 479 2171 soror
494 2132 520 2172 ut
533 2140 657 2174 convorsa
668 2125 767 2174 Metisci

77 2210 183 2271 aurigae
196 2227 350 2274 currumque
363 2219 388 2260 et
401 2227 480 2275 equos
495 2220 519 2261 et
532 2214 588 2261 lora
600 2213 714 2277 regebat,

30 2303 56 2346 25
77 2299 171 2346 talibus
185 2301 296 2347 occurrit
309 2301 391 2349 dictis.
416 2290 485 2359 ‘hac‚
502 2299 597 2361 Turne,
613 2318 752 2366 sequamur

77 2387 238 2448 Troiugenas
252 2404 303 2451 qua
317 2390 400 2451 prima
412 2390 480 2437 viam
492 2391 599 2438 victoria
613 2392 718 2453 pandit:

78 2483 138 2522 sunt
150 2477 195 2523 alii
209 2477 251 2538 qui
266 2484 332 2525 tecta
345 2492 423 2524 manu
437 2478 573 2526 defendere
586 2479 694 2540 possint.

77 2564 175 2624 ingruit
187 2565 289 2612 Aeneas
303 2565 374 2612 Italis
388 2572 414 2612 et
425 2565 525 2627 proelia
538 2565 648 2613 miscear

74 2659 101 2700 et
111 2665 160 2699 nos
170 2666 248 2701 saeva
262 2667 343 2704 manu
357 2655 498 2706 mittamus
512 2649 757 2704 lunera'laaca'xa·
