1808 2956
302 110 422 152 ECLOGA
441 114 481 154 VL
751 108 787 155 21

99 284 148 316 no.
171 266 244 328 Quae
262 269 321 328 tibi,
343 284 409 331 qnae
427 270 472 318 tali
492 271 598 319 reddam
616 287 663 334 pro
677 273 790 322 carmine

365 357 452 406 dona?

62 461 125 493 narn
138 460 222 508 neque
235 460 276 494 me
288 451 389 494 tantum
400 447 525 496 venientia
538 447 629 497 sibilus
643 450 723 498 austri

62 549 111 582 nec
124 547 245 596 percusso
258 534 345 582 iuvant
357 534 436 583 fluctu
448 542 501 583 tam
515 536 592 585 litora
604 551 653 585 neo
667 552 734 600 quae

63 637 170 671 saxosas
183 622 250 669 inter
263 623 401 670 decurrunt
412 623 519 671 flumina
530 625 619 672 valles.

10 715 42 759 85
63 726 109 758 nm.
132 710 187 758 Hac
200 717 224 758 te
237 725 284 758 noo
298 711 383 773 fragili
397 712 550 760 donabimus
564 720 623 760 ante
636 713 728 761 cicuta.

63 798 129 846 haec
142 810 189 846 nos
199 787 352 847 ‘formosum
366 797 487 862 Corydon
502 801 608 850 ardebat
620 793 743 860 Alexim‚'

62 888 128 935 haec
141 888 231 935 eadem
244 887 332 936 docuit
343 888 439 936 ‘onium
451 889 548 951 pocus?
567 905 600 936 an
613 889 735 938 Meliboei
741 881 762 936 i'

62 990 111 1023 no.
134 975 392 1040 Attusumepednm‚
403 978 787 1041 quodmeoumsaeperogaret‚

62 1079 116 1111 non
130 1065 189 1112 tulit
201 1065 344 1126 Antigenes
358 1065 396 1128 (et
408 1073 463 1114 erat
475 1074 529 1113 tum
543 1067 636 1128 dignus
649 1066 751 1130 amari),

11 1157 42 1200 90
62 1152 206 1200 formosum
219 1153 323 1216 paribus
337 1154 412 1202 nodis
426 1161 503 1216 atque
516 1169 583 1213 aere,
598 1154 727 1203 Menalca.

280 1527 432 1582 ECLOGA
453 1529 500 1582 VI.

339 1685 446 1725 VABU&

61 1859 150 1907 Prima
163 1858 299 1922 Syracosio
313 1860 420 1921 dignata
432 1867 470 1908 est
482 1861 571 1908 ludere
584 1876 659 1910 versu

60 1955 151 1995 nostra
164 1962 212 1996 nec
225 1948 327 1996 erubuit
339 1949 415 1996 silvas
429 1948 545 1997 habitare
558 1949 661 1997 Thalia.

61 2051 120 2085 cum
134 2051 254 2084 canerem
266 2051 339 2098 reges
353 2043 377 2085 et
390 2037 498 2099 proelia,
515 2036 639 2098 Cynthius
653 2051 741 2086 aurem

60 2125 133 2173 vellit
145 2131 171 2172 et
182 2125 317 2172 admonuit
326 2115 474 2188 ‘pastorem
491 2124 586 2186 Tityre,
602 2125 705 2187 pinguis

26 2218 40 2260 5
59 2227 165 2275 pascere
179 2219 280 2274 oportet
293 2213 355 2272 ovis,
371 2213 510 2261 deductum
523 2213 607 2261 dicere
625 2205 749 2263 carmen’

60 2300 785 2364 nunoego(namqneaupertibieruntquidioerelaudes,

59 2389 139 2448 Vare,
154 2397 211 2436 tuas
224 2390 330 2451 cupiant
342 2396 368 2437 et
379 2390 463 2437 tristia
476 2390 587 2437 condere
601 2389 681 2453 bella)

59 2485 189 2539 agrestem
201 2477 271 2525 tenui
284 2477 429 2525 meditabor
440 2477 586 2525 harundine
599 2492 708 2525 musam.

60 2565 300 2614 noniniussaoano.
328 2565 408 2628 siquis
416 2572 501 2613 tamen
509 2564 704 2629 haeonnoone„
712 2565 801 2624 dromo
