1808 2956
58 179 117 228 296
296 189 321 226 r.
338 187 460 225 vunnim
480 185 612 225 unaonls

127 343 218 406 Cocyti
230 352 322 405 stagna
335 343 389 390 alta
400 343 470 390 vides
484 341 654 404 Stygiamque
667 345 802 415 paludem,

116 432 153 479 -di
167 432 239 481 cuius
252 431 336 479 iurare
349 431 440 478 timent
453 439 478 478 et
490 430 580 478 fallere
594 445 701 479 numen.

55 525 106 567 325
126 519 190 568 haec
210 519 390 580 amnisquam
410 518 492 566 cernis
511 519 586 580 inops
604 519 797 585 inhumataque
809 529 855 568 tur·

421 605 486 663 best,

126 696 236 758 portitor
247 695 292 743 ille
306 693 421 753 Charon,
438 694 464 741 hi
479 707 544 756 quos
557 693 627 741 vehit
639 696 712 743 unda
724 697 829 760 sepulti.

127 799 174 833 nec
188 784 256 846 ripas
271 784 346 831 datur
357 783 499 831 horrendas
513 789 538 830 et
550 796 630 830 rauca
642 783 741 831 fluenta

127 880 301 935 transportare
313 872 384 934 prius
398 886 476 933 quam
489 870 593 918 sedibus
607 885 666 918 oasa
679 873 813 934 quierunt.
895 882 899 899 ¹

127 969 230 1010 centum
249 968 335 1009 errant
354 975 436 1008 annos
456 959 617 1020 volitantque
636 957 702 1008 haec
721 959 802 1009 litora
814 961 857 1010 cir-

429 1063 504 1106 cum;

56 1144 107 1186 330
127 1146 181 1186 tum
194 1138 297 1184 demum
311 1135 415 1183 admissi
428 1143 521 1196 stagna
533 1142 656 1198 exoptata
669 1130 806 1185 revisunt'

128 1225 242 1274 constitit
254 1223 369 1272 Anchisa
382 1231 452 1271 satus
467 1231 492 1271 et
504 1224 611 1285 vestigia
624 1224 736 1286 pressit*

126 1315 208 1362 multa
237 1320 329 1376 putans
359 1319 505 1374 sortemque
536 1313 623 1360 animo
649 1313 788 1362 miseratus
814 1315 860 1362 ini·

429 1416 516 1463 quam,

128 1491 209 1539 cernit
220 1490 255 1538 ibi
270 1497 381 1538 maestos
395 1497 420 1537 et
432 1490 521 1537 mortis
535 1489 634 1536 honore
647 1496 765 1538 carentes

126 1578 281 1641 Leucaspim
295 1586 319 1626 et
331 1577 427 1639 Lyciae
441 1578 573 1626 ductorem
587 1577 675 1624 classis
690 1576 821 1640 Oronten,

56 1673 107 1716 335
128 1682 192 1730 quos
206 1669 282 1716 simul
296 1683 312 1716 a
324 1667 404 1715 Troia
416 1675 522 1714 ventosa
535 1680 581 1728 per
594 1680 708 1727 aequora
721 1675 811 1717 vectos

128 1758 214 1805 obruit
226 1764 324 1815 auster,
344 1771 412 1817 aqua
424 1755 556 1802 involvens
570 1768 713 1816 navemque
726 1755 860 1820 virosque.

163 1847 229 1895 Ecce
242 1846 400 1908 gubernator
412 1858 467 1891 sese
481 1842 620 1890 Palinurus
633 1842 737 1904 agebat,

129 1935 172 1997 qui
185 1935 283 1997 Libyco
297 1946 379 1994 nuper
392 1945 477 1988 cursu,
494 1931 555 1977 dum
568 1931 654 1978 sidera
667 1939 760 1992 servat,

128 2023 259 2072 exciderat
272 2021 350 2084 puppi
365 2019 455 2067 mediis
469 2019 564 2067 effusus
577 2019 604 2065 in
616 2019 703 2066 undis.

57 2117 109 2161 ³40
128 2111 197 2159 hunc
210 2111 253 2158 ubi
267 2111 309 2157 vix
322 2109 404 2156 multa
416 2115 543 2155 maestum
557 2107 678 2168 coguovit
690 2107 717 2154 in
730 2109 836 2170 umbra,

128 2200 165 2248 sic
177 2199 248 2262 prior
261 2197 418 2259 adloquitur.
444 2185 512 2257 ‘quis
526 2202 559 2254 te,
575 2194 705 2255 Palinure,
722 2197 834 2246 deorum

128 2288 222 2351 eripuit
235 2286 309 2334 nobis
323 2285 460 2347 medioque
473 2284 520 2332 sub
535 2298 648 2345 aequore
661 2283 770 2331 mersit?

129 2378 170 2425 dic
183 2391 240 2439 age.
274 2389 386 2438 namque
405 2374 485 2431 mihi,
506 2371 588 2419 fallax
607 2372 676 2419 haud
696 2379 757 2420 ante
775 2388 862 2437 reper-

428 2470 478 2519 tus,

128 2553 177 2602 hoc
190 2568 243 2601 uno
256 2565 380 2616 responso
394 2550 509 2597 animum
524 2549 619 2596 delusit
631 2549 739 2610 Apollo,

37 2648 96 2692 345
113 2643 165 2705 an'
174 2644 233 2694 lore
248 2653 271 2694 te
282 2651 368 2710 ponto
384 2641 549 2691 incolumem
561 2637 676 2697 irritaque
688 2635 801 2682 caueant
