1808 2956
421 167 506 208 clare.

135 327 272 390 puniceam
286 327 414 377 concussit
428 341 494 388 apex
506 326 532 372 in
546 326 641 375 vertice
655 326 771 374 cristam.

135 423 161 463 at
174 415 259 463 mollis
272 417 356 465 varios
370 417 487 463 intexens
499 415 590 478 pluma
604 416 705 462 colores

135 520 309 553 marmoreum
322 505 418 553 volueri
431 504 531 551 vestivit
544 503 657 565 tegmine
671 518 767 566 corpus

135 594 257 656 lentaque
270 602 405 657 perpetuas
419 593 540 640 fuderunt
552 592 675 640 bracchia
688 593 795 654 pinnas.

66 686 115 729 505
136 682 195 729 inde
208 683 273 730 alias
287 690 371 745 partes
385 682 517 743 minioque
530 681 625 728 insecta
639 680 741 728 rubenti

136 785 211 817 crura
223 785 290 817 nova
302 771 397 819 macies
412 770 520 818 obduxit
532 770 653 831 squalida
667 769 729 831 pelli

136 859 280 920 etpedibus
294 860 386 906 teneris
400 873 499 920 ungues
513 858 603 905 adfixit
616 864 715 905 acutos.

135 953 159 993 et
173 953 257 994 tamen
271 947 321 995 hoc
335 949 438 995 demum
450 948 559 994 miserae
571 960 722 993 succurrere
737 955 815 1009 pacto

135 1035 177 1080 vix
191 1034 274 1083 suerat
286 1037 388 1098 placida
401 1036 512 1099 Neptuni
527 1035 638 1096 coniuge
653 1035 771 1094 dignum.

66 1128 115 1170 510
135 1138 277 1185 numquam
290 1125 362 1172 illum
376 1125 511 1186 posthaec
525 1123 593 1170 oculi
608 1123 693 1170 rizlere
707 1139 816 1171 suerum

135 1227 277 1274 purpureas
290 1213 355 1260 flare
370 1213 521 1261 retinentem
536 1213 628 1260 vertice
641 1213 727 1268 vittas,

136 1314 187 1346 non
201 1299 329 1347 thalamus
343 1301 421 1362 Tyrio
435 1302 552 1362 fragrans
566 1301 665 1363 aceepit
678 1316 794 1356 amomo,

136 1387 222 1433 nullae
236 1387 308 1436 illam
322 1389 410 1436 sedes:
431 1391 491 1451 quid
506 1390 574 1438 enirn
588 1405 646 1438 cunr
661 1389 765 1435 sedibus
780 1390 838 1436 ilii?

137 1490 202 1537 quae
215 1475 291 1523 simul
305 1483 333 1522 ut
345 1491 400 1524 sese
415 1491 480 1525 cano
494 1478 525 1525 de
538 1477 639 1538 gurgite
653 1476 730 1523 velox

67 1569 115 1612 515
137 1579 195 1612 cum
208 1564 294 1611 sonitu
307 1565 339 1612 ad
355 1565 454 1613 eaelum
468 1565 633 1613 stridentibus
648 1564 742 1613 extulit
756 1567 805 1614 ulis

136 1659 161 1700 et
173 1653 283 1700 multum
296 1654 348 1701 late
361 1654 480 1716 dispersit
493 1654 519 1700 in
534 1668 649 1715 aequora
662 1667 759 1713 rorem,

136 1740 227 1789 infelix
240 1741 312 1803 virgo
326 1743 483 1804 nequiquam
497 1758 513 1790 a
525 1749 607 1789 morte
621 1749 725 1804 recepta

136 1829 262 1878 incultum
274 1831 336 1878 solis
350 1831 376 1877 in
390 1831 496 1893 rupibus
510 1830 591 1891 exigit
604 1845 703 1888 aevum,

137 1917 243 1980 rupibus
256 1926 281 1966 et
294 1920 407 1982 seopulis
422 1927 447 1967 et
460 1918 577 1967 litoribus
592 1918 706 1967 desertis.

68 2012 118 2054 520
137 2021 184 2055 nec
198 2014 283 2055 tamen
301 2007 351 2055 hec
369 2008 461 2056 iterum
474 2022 559 2070 poena
572 2008 641 2055 sine:
665 2022 778 2070 namque
793 2009 870 2056 deum

438 2112 492 2155 rex,

138 2185 225 2232 omnia
238 2185 281 2247 qui
295 2185 402 2248 imperio
417 2193 541 2234 terrarum
554 2184 626 2231 milia
639 2191 732 2242 versat,

138 2280 281 2322 commotus
295 2274 373 2321 talem
387 2275 419 2321 ud
433 2289 539 2337 superos
552 2273 660 2321 volitare
674 2273 801 2335 puellam,

139 2364 199 2410 dum
212 2369 285 2425 pater
300 2363 428 2411 extinctus
443 2378 521 2411 caeca
534 2363 580 2409 sub
594 2368 669 2409 nocte
682 2363 784 2420 lateret,

138 2451 177 2498 illi
191 2467 236 2514 pre
250 2451 343 2513 pietate
357 2466 404 2498 suu
417 2450 490 2514 (narn
504 2466 580 2513 saepe
594 2451 720 2498 nitentum

62 2547 114 2592 525
132 2540 265 2607 sanguiue
279 2546 415 2591 taurorum
426 2541 538 2605 suppiam
547 2545 703 2599 resperserat
716 2555 784 2598 aras,

121 2652 206 2706 saepe
222 2637 306 2690 deum
322 2635 401 2701 largo
418 2633 680 2682 decoraratmuuere
692 2623 782 2679 sene&
