1808 2956
408 197 492 236 erere.
732 194 735 199 '
789 189 849 236 555

125 361 151 402 at
164 354 226 402 levis
240 354 283 402 ille
297 354 367 412 deus,
384 354 424 402 cni
438 369 539 416 semper
551 355 583 403 ad
598 355 775 402 ulciscendum

124 442 256 505 quaeritur
269 457 300 490 ex
314 443 383 489 omni
398 443 474 490 verbo
489 451 565 504 utque
579 444 673 490 iniuria
687 444 764 502 facto,

56 538 104 580 160
124 546 202 579 aurea
215 531 323 592 fulgenti
339 532 491 593 depromens
504 533 555 578 tela
569 532 697 593 pharetro,

122 621 173 668 heu
186 620 293 666 nimium
308 627 389 667 taetro
404 621 511 666 nirniurn
525 621 648 668 torrentia
662 620 725 678 viro,

123 709 228 769 virginis
242 709 267 755 in
282 716 369 755 tenera
383 709 506 756 defixerat
520 709 608 756 omnia
620 716 712 756 mento.

159 796 232 856 Quae
245 797 320 843 simul
335 812 365 845 ac
378 798 447 844 venis
461 797 548 845 hausit
559 796 703 844 sitientibus
716 797 804 858 ignem

123 895 148 935 et
160 886 273 933 validum
287 885 388 947 penitus
402 886 521 947 concepit
533 885 559 932 in
573 899 631 933 osse
644 885 766 952 furorem,

55 981 102 1023 165
123 990 199 1023 saeva
211 975 280 1022 velut
291 975 384 1035 gelidis
398 975 517 1021 Edonum
530 975 643 1021 Bistonis
657 975 708 1020 oris

123 1064 204 1110 ictave
217 1063 352 1111 barbarico
367 1061 475 1125 Cybeles
489 1063 605 1111 antistite
618 1062 686 1109 buxo

123 1152 214 1200 infelix
226 1152 297 1212 virgo
312 1157 365 1199 tota
378 1150 518 1199 bacchatur
531 1151 557 1196 in
571 1150 642 1209 urbe,

123 1255 175 1287 non
189 1247 288 1288 storace
301 1240 380 1287 Idaeo
393 1240 536 1300 fragrantes
550 1240 630 1287 tincta
643 1241 760 1303 capillos,

123 1329 228 1390 cognita
241 1344 293 1376 non
306 1330 400 1377 teneris
414 1328 521 1390 pedibus
535 1326 657 1390 Sicyonia
670 1344 783 1388 servans,

55 1421 103 1467 170
125 1432 176 1464 non
191 1418 263 1464 niveo
277 1418 389 1465 retinens
403 1417 495 1465 bacatu
508 1418 616 1465 monilia
629 1419 707 1466 collo.

124 1506 233 1552 multum
245 1505 284 1552 illi
298 1507 396 1553 incerto
409 1507 539 1567 trepidant
551 1507 658 1567 vestigia
672 1521 763 1554 cursu:

124 1607 200 1652 saepe
214 1593 279 1639 redit
292 1594 387 1654 patrios
402 1594 557 1641 adscendere
564 1595 670 1656 ‚perdita
683 1609 770 1641 muros

123 1680 257 1741 aeriasque
270 1680 332 1726 l'acit
344 1696 447 1728 causam
461 1682 509 1727 sibi
523 1684 603 1729 visere
617 1690 706 1739 turres,

124 1782 200 1829 saepe
213 1768 290 1815 etium
304 1768 387 1814 tristes
400 1769 503 1815 volvens
516 1771 543 1817 in
557 1778 631 1817 nocte
645 1771 773 1832 querellas

55 1863 103 1908 175
124 1856 226 1904 sedibus
240 1871 272 1903 ex
284 1856 343 1903 altis
356 1859 369 1913 †
382 1857 446 1904 caeli
460 1860 606 1916 speculatur
619 1874 733 1906 amorem

124 1954 258 2007 castraque
272 1952 418 2006 prospectat
432 1945 525 1992 crebris
540 1947 652 1995 lucentia
665 1948 782 1995 flammis.

124 2035 197 2082 nulla
211 2034 297 2081 colum
310 2034 388 2090 novit,
406 2049 493 2080 carum
506 2049 558 2080 non
572 2036 677 2098 respicit
689 2051 789 2093 nurum,

124 2138 176 2170 non
190 2131 282 2183 arguta
295 2129 389 2170 sonant
402 2122 470 2169 tonui
485 2123 607 2184 psalteria
621 2124 726 2181 chorda,

123 2226 175 2258 non
188 2211 286 2272 Libyco
300 2213 391 2258 molles
405 2211 564 2274 plauduntur
577 2212 677 2273 pectine
691 2211 767 2260 telae.

55 2305 104 2347 180
124 2301 210 2348 nullus
224 2301 249 2346 in
264 2315 307 2347 ore
321 2300 413 2348 rubor:
429 2300 471 2346 nbi
487 2300 555 2347 enirn
564 2300 651 2357 rubor,
665 2300 848 2349 obstatnmori.

123 2396 200 2449 atque
214 2389 256 2435 nbi
271 2390 344 2436 nulla
356 2389 430 2435 malis
444 2389 538 2450 reperit
550 2388 648 2436 solacia
661 2388 738 2435 tantis

124 2476 318 2538 tabidnlamque
332 2478 399 2524 videt
412 2476 463 2525 labi
478 2478 632 2540 perviscera
646 2485 764 2535 mortem,

124 2579 175 2625 quo
189 2572 263 2612 vocat
276 2566 312 2613 ire
326 2566 410 2625 dolor,
426 2566 550 2629 subigunt
562 2581 615 2629 quo
627 2565 824 2616 tenderelana„

116 2651 198 2696 fertur
209 2660 236 2700 et
246 2653 368 2703 borribr'li
383 2672 516 2724 praeceps
528 2656 675 2722 inpellitur
689 2657 799 2702 oestron
