1808 2956
292 211 439 250 AENEIDOS
458 212 544 250 LIBEII
562 212 624 250 vlu.
793 204 851 250 371

126 368 196 415 urbis
209 368 348 429 Agyllinae
362 368 443 425 sedes,
460 367 502 414 ubi
516 367 600 428 Lydia
614 369 745 429 quondum

54 463 106 505 480
128 471 201 518 gens,
218 456 286 503 bello
300 457 442 517 praeclaro,
457 456 525 516 iugis
538 456 633 503 Insedit
645 456 766 504 Etruscis.

127 545 195 593 hauc
208 545 303 592 multos
317 545 449 592 florentem
463 558 544 592 anuos
558 557 603 591 rex
616 544 709 592 deiude
722 544 833 607 superbo

127 633 236 696 imperio
251 640 276 681 et
288 634 369 681 saevis
384 633 466 680 tenuit
477 632 618 679 MezeutIus
631 633 717 680 armis.

129 723 190 784 qnid
204 736 344 769 memorem
357 721 478 767 infandus
487 721 588 778 caedes,
604 721 665 782 quid
680 721 748 768 fucta
754 721 856 783 tyranni

128 810 223 859 effera?
243 811 267 857 di
283 810 360 871 capiti
375 809 454 871 ipsius
468 810 607 870 generique
620 809 761 857 reservent!

54 906 107 947 485
128 906 229 945 mortua
242 899 304 960 quin
319 898 396 946 etiam
409 897 533 958 iungebat
546 911 655 958 corpora
667 897 739 954 vivis,

129 1001 278 1049 conpoucns
292 986 463 1047 manibusque
476 1000 567 1032 monus
581 993 658 1046 atque
672 985 758 1032 oribus
772 1000 827 1043 ora,

131 1076 251 1123 tormenti
265 1090 356 1136 genus,
373 1083 398 1122 et
410 1074 482 1121 sanie
495 1073 607 1135 taboque
619 1074 726 1121 fluentes

130 1164 258 1226 conplexu
273 1164 299 1210 in
313 1163 406 1210 misero
420 1163 499 1223 longo
512 1164 549 1209 sio
562 1171 643 1209 morto
657 1162 774 1210 necabat.

129 1262 155 1301 ut
168 1253 226 1299 fessi
241 1252 344 1300 taudem
359 1251 425 1298 rives
438 1251 547 1298 infanda
560 1250 686 1298 furentem

56 1347 108 1389 490
129 1342 220 1388 armati
235 1341 426 1388 circumsistunt
439 1340 574 1401 ipsumque
589 1339 754 1401 domumque,

130 1429 285 1477 obtruncant
298 1428 392 1484 socios,
408 1427 495 1488 ignem
508 1428 540 1475 od
555 1427 658 1487 fastigia
671 1428 769 1476 iactant

88 1522 90 1525 ’
129 1518 173 1565 ille
187 1518 253 1564 inter
267 1517 372 1565 eaodem
385 1516 540 1563 Rutulorum
554 1515 656 1576 elapsus
670 1517 696 1562 in
710 1530 786 1577 ugnos

130 1606 268 1666 confugere
281 1613 306 1652 et
319 1604 399 1650 'Furni
414 1604 545 1651 defemIIer
559 1603 667 1665 hospius
680 1604 766 1651 armis.

130 1707 191 1753 ergo
205 1695 288 1739 omnis
302 1693 374 1739 furiis
388 1692 498 1739 surrexit
511 1691 613 1738 Etruria
626 1691 708 1748 iustu,

56 1787 109 1830 495
130 1795 217 1842 regom
230 1781 262 1827 ad
276 1782 430 1843 supplicium
444 1780 571 1841 praesenti
584 1779 666 1826 Marte
680 1789 827 1841 reposcunt.

132 1870 171 1916 his
185 1884 234 1930 ego
248 1877 280 1926 te,
296 1872 395 1928 Aenea,
411 1869 544 1916 ductorem
557 1867 660 1915 milibus
673 1867 776 1914 eddom.

129 1966 183 2006 toto
196 1973 308 2020 namque
322 1958 433 2005 fremunt
446 1957 591 2004 condensae
605 1956 679 2002 litore
692 1971 800 2018 puppes,

129 2048 255 2109 signaque
275 2047 340 2093 ferre
360 2046 463 2094 iubent:
490 2045 583 2092 retinet
608 2045 748 2104 longaevos
767 2043 857 2091 harus·

430 2149 481 2196 peu

131 2223 184 2271 fata
198 2237 302 2280 cuneus,
315 2212 341 2268 ‘0
355 2222 491 2270 Maeoniae
505 2222 604 2268 delecta
616 2221 743 2278 iuventus,

57 2318 108 2360 500
128 2312 174 2358 flos
188 2319 301 2358 veterum
314 2311 444 2372 virtusque
462 2311 558 2368 mrum,
581 2323 645 2371 quos
664 2309 746 2356 Iustus
766 2309 792 2355 in
811 2309 858 2356 ho-

430 2406 494 2446 stem

129 2488 176 2535 fert
189 2487 264 2535 dolor
278 2494 303 2535 et
315 2487 406 2534 merita
419 2486 537 2534 accendit
549 2485 691 2533 Mezentius
704 2485 752 2543 ira,

129 2576 193 2622 quIi
207 2576 245 2622 fas
259 2576 325 2622 Italo
339 2582 438 2622 tuntum
451 2574 612 2636 subiungere
624 2581 752 2634 gentem.

121 2670 242 2709 externos
256 2672 345 2725 optute
360 2657 464 2716 duces.'
493 2674 556 2714 mm
565 2664 692 2712 Etrusco
702 2649 813 2701 reseu'x&

676 2743 697 2786 ,ζ
708 2729 744 2779 ῃ
