1808 2956
267 195 414 234 AENEIDOS
431 196 516 234 LIBER
535 197 585 234 Vll.
763 186 821 232 347

96 352 167 400 Ereti
180 365 272 399 manns
285 352 368 399 omnis
382 351 565 413 oliviferaeque
577 352 727 408 Mutuscae;

96 441 143 504 qui
155 439 312 488 Nomentum
324 439 423 498 urbem,
439 441 482 502 qui
495 440 580 488 Rosea
592 454 652 486 rura
664 439 761 496 Velini,

97 529 143 592 qui
156 528 274 576 Tetricae
287 528 414 576 horrentis
431 543 508 591 rupes
524 536 691 590 montemque
704 526 827 576 Severum

97 607 301 680 Casperiamque
325 617 415 664 colunt
436 616 598 679 Forulosque
621 624 646 664 et
668 617 763 664 flumen
783 615 826 662 Hi-

400 706 508 763 mellae3

50 800 75 843 ,5
98 793 143 856 qui
156 793 270 841 Tiberim
282 792 455 854 Fabarimque
468 792 574 851 bibunt,
594 808 659 854 quos
673 793 768 855 frigida
781 793 828 840 mi·

401 881 435 928 sit

97 971 201 1029 Nursia,
217 977 242 1018 et
254 969 379 1018 Hortinae
393 970 487 1018 classes
501 969 644 1031 populique
657 969 760 1024 Latini;

98 1073 216 1122 quosque
229 1073 319 1106 secans
332 1058 473 1106 infaustum
485 1057 601 1106 interluit
613 1057 685 1106 Allia
697 1072 808 1105 nomen:

99 1162 178 1210 quam
190 1147 264 1194 multi
277 1146 375 1208 Libyco
389 1148 525 1195 volventur
537 1160 665 1194 marmore
677 1146 778 1204 fluctus,

98 1249 189 1284 saevos
202 1235 246 1282 ubi
260 1233 342 1283 Orion
356 1234 469 1282 hibernis
483 1235 603 1282 conditur
616 1234 700 1292 undis,

49 1331 79 1373 20
99 1325 139 1372 vel
153 1339 211 1372 cum
224 1323 279 1371 sole
293 1337 359 1370 novo
373 1324 467 1372 densae
480 1331 609 1371 torrentur
622 1324 715 1371 aristae

99 1419 145 1462 aut
157 1411 245 1460 Hermi
259 1426 351 1474 eampo
366 1419 411 1461 aut
423 1411 518 1474 Lyciae
530 1411 681 1460 flaventibus
695 1412 769 1459 arvis.

100 1506 173 1549 scuta
185 1508 280 1548 sonant
291 1501 419 1562 pulsuque
432 1501 527 1563 pedum
540 1501 678 1548 conterrita
691 1501 775 1548 tellus.

137 1588 204 1637 Hinc
217 1589 448 1650 Agamemnoniae,
464 1589 571 1637 Troiani
584 1589 697 1636 nominis
710 1588 800 1646 bostis,

101 1691 177 1725 curru
191 1677 274 1738 iungit
287 1676 413 1724 Halaesus
427 1691 507 1739 equos
520 1676 661 1737 Turnoque
674 1675 771 1724 feroces

50 1769 80 1812 25
100 1764 172 1812 mille
185 1765 253 1827 rapit
265 1767 386 1828 populos,
400 1773 502 1813 vertunt
515 1764 601 1812 felicia
613 1763 718 1812 Baccho

101 1852 213 1900 Massica
226 1854 271 1915 qui
284 1855 381 1913 rastris,
397 1861 423 1902 et
435 1868 500 1917 quos
514 1853 546 1901 de
560 1851 669 1901 collibus
683 1853 741 1899 altis

101 1941 219 1989 Aurunci
232 1943 324 1990 misere
337 1950 432 2005 patres,
448 1941 616 2003 Sidicinaque
628 1941 701 1988 iuxta

102 2043 225 2092 aequora,
241 2031 338 2093 quique
351 2029 428 2078 Cales
442 2031 550 2088 lincunt,
566 2030 702 2092 amnisque
714 2028 805 2076 vadosi

102 2118 192 2166 accola
203 2118 334 2175 Volturni,
349 2119 496 2180 pariterque
509 2117 638 2167 Saticulus
652 2132 727 2180 asper

50 2212 84 2255 ³0
104 2205 283 2270 Oscorumque
295 2221 396 2254 manus.
424 2213 515 2255 teretes
528 2213 588 2254 sunt
601 2207 703 2269 aclydes
716 2206 767 2253 illis

102 2295 163 2352 tela,
179 2295 224 2343 sed
238 2295 302 2343 haec
316 2295 386 2343 lento
400 2310 456 2343 mos
469 2303 508 2344 est
520 2303 608 2358 aptare
620 2294 741 2355 flagello3

102 2383 188 2431 laevas
202 2389 272 2431 cetra
284 2383 356 2445 tegit,
372 2383 461 2432 falcati
475 2383 618 2431 comminus
632 2396 713 2430 enses.

138 2469 191 2519 Nec
204 2480 232 2519 tu
246 2471 401 2519 carminibus
415 2450 509 2519 nostris
522 2472 634 2520 indictus
649 2470 741 2528 abibis,

104 2558 216 2618 Oebale,
232 2575 309 2622 quem
322 2575 460 2622 generasse
472 2560 560 2610 Telau
570 2558 717 2608 Sebetlixbe
724 2557 851 2617 numqua

50 2653 79 2693 ⁹5
97 2646 185 2704 flamm,
203 2647 348 2699 Teleboum
363 2649 487 2717 Capreas
501 2662 669 2713 cumregua
677 2646 804 2693 teneres„
