1808 2956
51 111 113 157 320
290 119 316 157 Ρ.
333 119 455 158 ventum
475 118 607 158 unuouts

122 275 172 322 urit
184 274 319 322 odoratam
332 281 459 322 nocturna
471 274 497 321 in
512 275 612 323 lumina
626 276 744 334 cedrum,

121 371 212 425 arguto
225 364 309 413 tenuis
322 378 472 426 percurrens
486 363 587 425 pectine
600 364 676 411 telas.

70 457 101 499 15
121 451 181 500 hinc
195 452 311 500 exaudiri
324 453 434 513 gemitus
447 451 553 514 iraeque
566 451 683 510 leonum,

120 541 205 589 vincla
217 548 382 589 recusantum
394 549 420 588 et
432 552 489 587 sera
501 539 547 586 sub
562 546 639 588 nocte
652 540 800 598 rudentum,

121 628 291 690 saetigerique
305 643 362 676 sues
375 635 453 690 atque
466 627 492 674 in
506 626 673 689 praesepibus
688 628 741 675 ursi

121 717 217 765 saevire
231 733 261 764 ao
274 717 371 764 formae
384 729 538 777 magnorum
550 715 653 763 ululare
667 715 799 778 luporum,

121 819 185 867 quos
198 805 332 852 hominum
344 819 376 852 ex
387 804 453 852 facie
464 804 514 851 dea
525 817 601 850 saeva
607 804 760 865 potentibus
767 802 841 852 herbis

66 898 101 940 20
120 893 239 941 induerat
253 891 327 940 Circe
341 893 367 938 in
380 893 463 940 voltus
477 907 508 940 ac
521 897 593 952 terga
607 891 730 939 ferarum.
775 942 778 946 A

121 995 187 1044 quae
200 995 233 1028 ne
246 987 361 1027 monstra
373 980 409 1042 pii
423 986 571 1042 paterentur
584 979 647 1026 talia
660 979 744 1028 Troes

121 1069 199 1117 delati
212 1069 239 1114 iu
252 1076 340 1130 portus
353 1083 403 1116 neu
417 1068 494 1116 litora
507 1067 563 1114 dira
575 1067 701 1126 subirent,

120 1156 254 1218 Neptunus
267 1157 348 1204 ventis
361 1156 468 1218 inplevit
480 1157 536 1204 vela
548 1155 668 1203 secundis
748 1206 750 1210 ³

33 1236 37 1243 ⁴
120 1251 197 1306 atque
210 1242 299 1304 fugam
312 1244 382 1292 dedit
395 1253 420 1291 et
431 1252 532 1306 praeter
543 1243 610 1291 vada
622 1241 723 1291 fervida
735 1244 812 1293 vexit.

67 1337 100 1380 25
154 1332 262 1394 Iamque
285 1332 438 1379 rubescebat
461 1332 540 1380 radiis
559 1345 629 1378 mare
649 1338 675 1379 et
695 1332 800 1382 aethere
817 1330 842 1381 ab

421 1421 475 1468 alto

119 1509 223 1556 Aurora
235 1509 262 1555 in
276 1508 372 1556 croceis
386 1507 502 1568 fulgebat
514 1507 585 1554 luteo
597 1506 674 1568 bigis,

84 1610 87 1615 '
121 1613 179 1645 cum
191 1597 259 1646 venti
272 1611 381 1659 posuere
394 1596 530 1657 omnisque
542 1601 647 1658 repente
660 1596 759 1643 resedit

119 1687 193 1734 flatus
207 1693 232 1734 et
245 1685 271 1731 in
285 1685 354 1732 lento
368 1685 499 1732 luctantur
511 1697 639 1731 marmore
652 1689 755 1733 tonsae.

120 1782 197 1836 atque
210 1775 252 1821 hic
265 1774 366 1821 Aeneas
380 1773 510 1833 ingentem
524 1787 556 1820 ex
569 1785 682 1833 aequore
695 1772 787 1821 lucum

66 1867 100 1910 ³0
119 1862 251 1924 prospicit.
279 1861 348 1908 hunc
361 1861 427 1908 inter
439 1860 516 1908 fluvio
529 1860 666 1908 Tiberinus
680 1875 802 1921 amoeno,
835 1850 841 1863 ”

119 1949 256 1998 verticibus
269 1949 366 2011 rapidis
380 1955 405 1997 et
417 1949 498 1996 multa
510 1949 588 1995 flavos
601 1947 709 2006 harena,

64 2097 68 2105 ⁸
119 2039 145 2085 in
160 2053 230 2086 more
242 2037 393 2099 prorumpit.
424 2036 509 2084 variae
523 2037 670 2097 circumque
682 2050 815 2100 supraque

119 2126 240 2173 adsuetae
253 2125 314 2187 ripis
327 2125 444 2172 volucres
457 2130 483 2172 et
494 2124 606 2171 fluminis
620 2125 693 2172 alveo

118 2214 223 2264 aethera
236 2212 385 2261 mulcebant
397 2217 475 2260 cantu
488 2212 598 2274 lucoque
610 2211 745 2261 volabant.

65 2309 97 2353 35
117 2303 218 2352 flectere
231 2303 279 2350 iter
291 2301 367 2348 sociis
380 2310 514 2361 terraeque
528 2300 657 2348 advertere
670 2314 764 2361 proras

117 2392 228 2454 imperat
240 2398 266 2439 et
278 2391 359 2437 laetus
371 2388 447 2435 fluvio
461 2387 576 2435 succedit
591 2400 682 2449 opaco.

152 2478 227 2526 Nunc
240 2492 289 2539 age
302 2477 345 2539 qui
363 2489 451 2538 reges,
470 2474 564 2533 Erato,
587 2487 653 2537 quae
672 2480 793 2538 tempora
810 2490 847 2526 re·

419 2577 489 2622 rum,
