1808 2956
154 148 191 195 94
394 157 419 194 Ρ.
437 155 557 194 vulsum
577 153 707 194 HABONIS

221 321 409 375 exceptantque
422 311 483 360 ieris
498 325 573 359 auras
586 318 612 360 et
623 325 702 374 saepe
713 311 770 360 siue
782 312 845 360 ullis

154 406 203 451 275
224 402 351 462 coniugiis
364 408 439 448 vento
452 400 574 462 gravidae
587 400 718 462 (mirabile
731 400 815 463 dictu)

222 505 286 538 sexa
299 505 344 553 per
356 496 381 537 et
393 489 515 552 scopulos
529 496 554 536 et
566 490 699 551 depressas
713 489 845 538 convalles

224 579 370 640 diffugiunt,
386 592 452 636 nou,
467 577 548 637 Eure,
564 584 635 637 tuos,
650 592 733 640 neque
747 578 810 626 solis
823 579 856 627 ad
870 594 886 627 ο

224 668 251 716 in
269 669 365 716 borean
384 681 541 729 cautumque
559 676 604 715 aut
615 668 684 716 unde
696 667 850 728 nigerrimus
868 683 901 717 au

224 759 338 806 nascitur
351 763 376 805 et
389 756 475 819 pluvio
490 755 624 804 contristat
636 755 731 817 frigore
744 756 855 805 caelum.

153 850 203 894 280
223 847 265 895 hic
278 847 390 904 demum,
407 845 576 908 hippomanes
589 859 648 893 vero
662 844 731 907 quod
745 845 851 894 nomine
863 847 904 895 di

225 943 348 997 pastores,
364 935 462 982 lentum
475 933 590 982 destillat
602 933 633 981 ab
647 933 752 995 inguine
764 934 843 994 virus,

224 1023 402 1086 hippomanes,
418 1022 487 1083 quod
501 1036 577 1084 saepe
590 1023 674 1070 melae
687 1023 773 1084 legere
787 1037 899 1073 noverca

224 1112 432 1172 miscueruntque
445 1110 536 1158 herbas
550 1118 574 1158 et
587 1126 640 1158 non
653 1111 761 1159 innoxia
773 1112 860 1160 verba.

260 1199 310 1248 Sed
325 1199 390 1260 sugit
403 1200 510 1257 interea,
526 1199 592 1259 fugit
605 1199 778 1262 inreparabile
791 1208 902 1264 tempus,

155 1293 204 1337 285
225 1289 329 1350 sirgula
342 1290 403 1336 dum
417 1289 484 1351 capti
499 1288 726 1336 circumvectamur
739 1304 836 1338 amore.

224 1378 274 1426 hoc
287 1378 348 1426 sutis
362 1379 499 1426 armentis:
521 1387 625 1441 superat
638 1393 696 1440 pars
711 1378 793 1426 altera
806 1393 892 1437 curae,

225 1467 354 1528 lanigeros
368 1468 465 1530 agitare
479 1482 568 1529 greges
582 1467 713 1529 hirtasque
726 1468 850 1529 capellas.

225 1554 363 1615 hieiab01·‚
379 1557 439 1604 hinc
453 1557 556 1605 laudem
570 1556 648 1604 sortes
661 1565 762 1619 sperate
776 1557 873 1605 coloni.

225 1659 272 1693 nee
285 1660 341 1692 sum
355 1645 434 1693 animi
449 1645 541 1693 dubius
553 1646 636 1693 verbis
650 1661 681 1693 eu
693 1646 795 1694 vincere
811 1662 890 1710 magn

155 1739 205 1782 290
226 1734 348 1796 quamsit
361 1742 385 1782 et
397 1734 514 1795 augustis
527 1734 596 1782 hune
609 1736 703 1783 addere
717 1735 792 1782 rebus
809 1735 904 1784 bonor

225 1823 269 1871 sed
283 1837 323 1871 me
336 1823 444 1871 Parnasi
458 1823 558 1871 deserta
570 1837 615 1885 per
628 1824 710 1871 1111111
723 1824 806 1872 duleis

225 1918 310 1976 raptat
322 1926 409 1970 am0r3
429 1911 499 1958 iurat
511 1912 548 1959 ire
560 1911 636 1973 iugis,
653 1928 705 1974 qrra
717 1913 790 1959 nullu
803 1914 890 1975 prioru

225 1999 367 2049 Castaliam
380 2000 454 2048 molli
467 2000 604 2048 devertitur
618 2000 702 2048 orbita
714 2001 789 2049 elivo.

225 2103 309 2148 nune,
331 2089 478 2138 veneranda
490 2088 580 2147 Pales,
601 2104 697 2151 magno
715 2104 881 2140 numeres(

525 2178 595 2226 dum.

155 2270 206 2316 295
261 2265 391 2329 Incipiens
404 2267 511 2316 stabulis
525 2268 598 2316 edica
612 2268 638 2315 in
652 2268 774 2316 mollibus
787 2268 865 2316 herba

226 2355 410 2417 carperania,
430 2356 492 2403 dum
504 2371 566 2405 mox
579 2355 702 2404 frondosa
715 2357 846 2405 reducitur

226 2450 251 2492 et
263 2444 346 2492 multa
358 2444 449 2492 duram
462 2445 558 2507 stipula
570 2445 726 2509 felicumque
738 2445 854 2508 manipiir

226 2539 338 2581 sternere
350 2532 438 2581 subter
449 2533 565 2592 humum,
580 2535 678 2595 glacies
691 2549 723 2583 ue
737 2533 849 2596 frigida*

226 2620 306 2669 molle
319 2637 397 2686 pecus
410 2621 574 2684 scabiemque
587 2623 653 2672 ferat
664 2623 797 2686 turpisque
811 2639 841 2686 pc
