1808 2956
80 276 141 324 266
319 287 344 325 P.
362 285 484 325 vuacmr
503 285 633 325 rannerus

79 447 130 490 450
150 448 309 504 consurgunt
322 443 412 490 studiis
426 441 519 490 Teucri
533 449 558 491 et
570 441 706 490 Trinacria
719 445 813 507 puberi,

149 531 169 578 it
182 532 280 580 clamor
292 533 374 590 caelo,
390 532 539 594 primusque
552 531 662 579 accurrit
674 535 785 582 Acestes

151 635 360 683 aequaevomque
373 621 405 668 ab
418 621 630 668 humomiserans
644 622 741 669 attollit
754 625 873 673 amicum.

149 716 176 757 at
188 725 240 757 non
254 711 369 758 tardatus
383 724 444 758 casu
458 724 541 772 neque
554 710 655 756 territus
668 710 746 758 heres

150 799 234 846 acrior
247 799 278 846 ad
292 813 408 861 pugnam
420 799 487 846 redit
500 814 530 846 ac
543 799 594 844 vim
607 798 714 845 suscitat
726 799 775 846 ira.

80 891 130 934 455
150 894 205 935 tum
217 889 301 950 pudor
313 888 429 936 incendit
440 887 506 935 vires
520 893 545 934 et
558 886 662 934 conscia
674 887 764 946 virtus,

150 977 369 1039 praecipitemque
380 977 468 1024 Daren
482 977 574 1023 ardens
589 975 643 1036 agit
655 989 769 1037 aequore
784 983 849 1036 tote,

150 1081 218 1114 nunc
232 1066 323 1114 dextra
335 1065 497 1127 ingeminans
510 1065 584 1122 ictuS,
601 1079 669 1111 nunc
682 1064 727 1111 ille
741 1065 862 1124 sinistra3

150 1169 197 1202 nec
216 1169 304 1212 mera,
326 1168 374 1201 nec
393 1153 509 1215 requies:
543 1167 620 1215 quam
645 1153 727 1199 multa
751 1155 879 1214 grandine

449 1242 530 1289 nimbi

150 1331 304 1379 culminibus
319 1331 453 1392 crepitant,
469 1331 506 1378 sic
520 1331 604 1379 densis
618 1329 711 1378 ictibus
724 1329 803 1378 heros

79 1427 129 1469 460
150 1421 238 1468 creber
250 1427 359 1482 utraque
373 1435 451 1468 manu
464 1422 550 1484 pulsat
561 1425 697 1482 versatque
709 1418 818 1467 Dareta.

149 1516 203 1556 tum
217 1517 289 1571 pater
301 1511 403 1558 Aeneas
416 1510 555 1572 procedere
568 1509 671 1569 longius
685 1509 735 1555 iras

150 1605 174 1647 et
187 1599 283 1646 saevire
296 1599 388 1646 animis
401 1599 532 1647 Entellum
544 1598 613 1645 haud
627 1611 718 1659 passus
732 1597 843 1657 acerbis,

149 1688 193 1735 sed
208 1688 284 1736 finem
298 1688 413 1750 inposuit
426 1703 529 1750 pugnae
542 1687 690 1749 fessumque
703 1685 802 1734 Dareta

150 1777 250 1838 cripuit,
266 1777 381 1825 muleens
395 1777 477 1834 dictis,
494 1791 524 1824 ac
536 1775 599 1822 talia
612 1774 686 1822 fatur.

80 1870 129 1912 465
148 1855 258 1924 infelix,
275 1880 341 1927 qnae
354 1871 427 1912 tanta
440 1865 555 1911 animum
568 1864 698 1911 dementia
711 1863 796 1925 cepit?

149 1968 202 2001 nen
215 1954 274 2001 viris
289 1954 353 2001 alias
367 1967 542 2015 conversaque
555 1953 663 1999 numina
675 1952 772 1999 sentis?

150 2043 213 2090 cede
227 2036 295 2090 deo.’
321 2042 437 2104 dixitque
451 2049 476 2090 et
487 2041 587 2103 proelia
599 2055 661 2087 voce
675 2040 785 2088 diremit.

150 2139 190 2178 ast
202 2132 277 2179 illum
290 2131 333 2178 lidi
347 2131 477 2192 aequales,
493 2145 578 2192 genua
592 2144 669 2188 aegra
682 2129 826 2177 trahentem

151 2219 341 2281 iactantemque
360 2226 469 2281 utroque
490 2226 566 2280 caput
580 2232 746 2279 crassumque
760 2232 879 2267 cruorem

80 2311 131 2356 470
151 2322 195 2355 ore
208 2309 360 2356 eiectantem
373 2308 519 2370 mixtosque
532 2307 558 2353 in
572 2306 697 2366 sangnine
711 2307 810 2361 dentes,

150 2397 247 2445 ducunt
260 2397 292 2444 ad
306 2397 387 2455 navis,
403 2397 556 2458 galeamque
570 2409 709 2456 ensemque
721 2397 805 2442 vocati

150 2485 289 2547 accipiunt,
304 2486 419 2548 palmam
431 2485 533 2532 Entello
547 2492 700 2545 taurumque
713 2483 852 2532 relincunt.

150 2573 192 2621 hic
204 2575 294 2643 victer,
310 2588 434 2636 superans
447 2573 540 2620 animis
554 2581 679 2635 tauroque
692 2572 827 2634 superbus,

147 2653 217 2709 ‘nate
231 2663 280 2711 dea
292 2677 388 2727 vosque
402 2662 474 2710 haec'
486 2662 571 2724 inquit
580 2651 755 2724 ‘cognoscite,
771 2661 876 2720 Teucri,

56 2751 112 2795 475
131 2750 241 2800 etmihi
252 2768 324 2816 quae
337 2754 438 2805 fuerint
450 2753 571 2804 iuvenali
583 2753 613 2801 in
626 2762 740 2813 ccupare
749 2748 819 2794 uires
