1808 2956
271 144 441 185 GEORGIGON
461 146 548 185 LIBER
564 147 584 186 1.

97 308 259 364 pernoctem
273 316 393 349 resonare
407 302 474 364 lupis
487 302 647 349 ululantibus
661 303 746 349 urbes.

96 405 150 437 non
164 390 229 438 alias
242 389 315 438 caele
329 390 476 438 ceciderunt
489 390 564 451 plura
577 405 668 438 screno

96 479 203 540 fulgura
215 492 263 526 nee
276 478 324 525 diri
338 478 431 525 totiens
445 493 529 526 arsere
543 485 666 526 cometae.

96 581 159 628 ergo
172 567 240 614 inter
252 581 307 614 sese
320 565 424 628 paribus
438 581 590 614 consumere
603 568 660 615 telis

48 663 75 704 l0
96 655 229 704 Romanas
244 655 311 703 acies
325 655 418 702 iterum
430 655 516 702 videre
529 655 660 717 Philippi3

96 759 145 792 nec
158 743 207 790 fuit
218 739 354 804 indignum
367 744 465 805 superis
479 743 518 790 bis
532 743 658 804 sanguine
672 751 760 790 nestro

95 832 245 879 Emathiam
258 838 283 880 et
295 832 361 880 latos
375 831 466 880 Haemi
480 833 647 895 pinguescere
662 847 775 894 campos.

96 921 197 969 scilicet
210 928 234 968 et
246 928 346 983 tempus
359 921 443 968 veniet
456 937 514 968 curn
528 921 620 968 finibus
634 921 686 968 illis

96 1009 215 1070 agricola
227 1009 332 1057 incurvo
346 1018 439 1058 terram
452 1010 558 1056 melitus
572 1017 656 1057 aratro

48 1105 75 1146 35
97 1113 175 1147 exesa
188 1098 300 1147 inveniet
313 1099 404 1147 scabra
416 1097 533 1158 robigine
547 1098 601 1159 pila

97 1194 143 1235 aut
155 1186 275 1248 gravibus
288 1187 376 1234 rastris
389 1187 477 1247 galeas
491 1186 604 1248 pulsabit
616 1187 701 1235 inanis

96 1276 259 1338 grandiaque
272 1275 370 1323 effossis
384 1275 519 1323 mirabitur
531 1290 590 1324 ossa
603 1276 754 1338 sepulchris.

97 1365 123 1412 di
137 1365 223 1427 patrii,
239 1365 373 1426 indigetes,
390 1371 414 1412 et
427 1364 537 1412 Romule
548 1363 677 1427 Vestaque
691 1372 781 1424 mater,

98 1468 166 1516 quae
183 1453 296 1501 Tuscum
315 1453 429 1501 Tiberim
447 1460 472 1500 et
484 1452 601 1500 Romana
614 1454 716 1501 Palatia
729 1468 823 1511 servas,

48 1545 79 1588 00
97 1541 168 1589 hunc
181 1543 273 1590 saltem
287 1557 374 1590 everso
387 1542 505 1589 iuvenem
518 1557 664 1590 succurrere
677 1543 763 1590 saeclo

97 1645 129 1679 ne
143 1630 294 1694 prohibete!
322 1631 382 1678 satis
396 1631 448 1677 iarn
461 1631 561 1692 pridem
574 1631 699 1692 sanguine
713 1638 801 1677 nostre

98 1720 307 1767 Laomedonteae
324 1719 418 1766 luimus
432 1719 544 1781 periuria
557 1719 665 1777 Troiae3

96 1810 149 1857 iam
163 1809 264 1870 pridem
277 1808 351 1856 nobis
366 1808 469 1856 caelite
483 1808 562 1869 regia,
579 1807 683 1865 Caesar,

97 1897 195 1945 invidet
229 1905 305 1959 atque
330 1897 464 1944 hominum
488 1897 602 1958 queritur
625 1910 714 1943 curare
737 1896 825 1943 trium·

399 1986 479 2048 phos3

48 2078 78 2121 05
98 2075 195 2137 quippe
209 2073 253 2120 ubi
266 2074 304 2121 fas
318 2089 417 2122 versum
431 2082 508 2137 atque
526 2074 612 2122 nefas:
635 2079 674 2120 tot
693 2072 762 2120 bella
781 2088 826 2135 per

400 2162 497 2222 orbem,

96 2258 150 2298 tam
163 2251 261 2298 multae
274 2252 400 2299 scelerum
413 2251 505 2311 facies3
520 2266 573 2298 non
586 2251 655 2298 ullus
670 2258 754 2298 aratro

97 2340 193 2401 dignus
207 2338 304 2396 honos,
320 2341 439 2402 squalent
452 2339 568 2388 abductis
582 2355 641 2386 arva
655 2340 754 2388 colonis

96 2435 122 2476 et
136 2441 230 2476 curvae
243 2426 355 2487 rigidum
368 2428 447 2476 falces
461 2429 604 2476 conflantur
616 2429 643 2474 in
657 2443 752 2476 ensem.

96 2516 158 2563 hinc
172 2521 258 2562 movet
270 2514 427 2577 Euphrates,
443 2516 516 2563 illinc
530 2514 669 2563 Germania
682 2516 788 2576 bellum,

48 2609 78 2652 10
96 2605 199 2653 vicinae
212 2602 293 2664 ruptis
307 2602 373 2650 inter
385 2618 412 2652 sc
424 2603 526 2665 legibus
538 2603 613 2652 urbes
