1808 2956
68 184 128 230 470
306 192 332 230 Ρ.
348 190 470 230 YERGILI
492 189 622 228 MARONIS

137 347 225 408 pulsus
240 347 272 394 ob
286 347 408 394 invidiam
424 360 503 407 reguo
516 346 633 408 viresque
648 349 781 408 superbas

67 440 117 483 540
137 435 260 483 Priverno
274 435 380 496 antiqua
393 433 511 481 Metabus
525 449 583 481 cum
596 435 737 484 excederet
752 438 830 497 urbe,

137 523 261 572 infantem
275 523 375 584 fugiens
390 521 475 570 media
488 522 554 569 inter
566 522 668 584 proelia
681 522 748 573 belli

136 613 239 659 sustulit
252 612 330 660 exilio
345 611 466 659 comitem
478 610 618 672 matrisque
631 613 737 660 vocavit

136 701 241 748 nomine
256 698 405 757 Casmillae,
422 705 520 746 mutata
532 704 613 760 parte,
630 696 787 749 Camillam.

136 789 191 850 ipse
204 789 262 835 sinu
275 802 336 850 prae
350 802 377 835 se
390 795 495 849 portans
508 787 570 847 iuga
583 787 663 848 longa
677 789 788 850 petebat

67 881 116 924 545
137 877 251 924 solorum
265 891 415 934 nemorum3
435 875 487 923 tela
500 875 614 937 undique
628 890 706 923 saeva
720 880 876 938 premebant

137 973 161 1012 et
175 965 329 1013 circumfuso
344 963 488 1011 volitabant
500 962 581 1009 milite
594 960 693 1010 Volsci.

137 1067 196 1101 ecce
209 1053 285 1114 fugae
299 1053 385 1100 medio
398 1051 503 1098 summis
517 1051 663 1098 Amasenus
677 1051 825 1104 abundans

136 1140 273 1202 spumabat
286 1141 347 1202 ripis
359 1157 364 1199 3
385 1147 471 1187 tantus
485 1153 512 1186 se
525 1138 636 1185 nubibus
649 1139 736 1188 imber
808 1190 816 1208 ⁸

136 1235 248 1290 ruperat.
276 1228 329 1286 ille,
344 1228 434 1275 iuuare
447 1241 550 1289 paraus,
566 1227 671 1274 infantis
686 1244 781 1280 amere

67 1320 117 1362 550
137 1315 252 1363 tardatur
265 1331 377 1377 caroque
391 1316 462 1363 oneri
476 1315 556 1362 timet.
584 1316 671 1362 omnia
685 1331 779 1367 secum

136 1404 246 1451 versanti
260 1404 345 1451 subito
358 1404 400 1450 vix
413 1403 478 1452 haec
491 1405 619 1451 sententia
631 1404 712 1451 sedit:

136 1492 216 1539 telum
229 1492 342 1551 inmane,
358 1507 436 1539 manu
449 1492 536 1540 valida
549 1493 618 1553 quod
632 1492 697 1539 forte
711 1495 826 1554 gerebat

136 1579 255 1638 bellator,
270 1581 382 1628 solidum
395 1581 471 1627 nodis
485 1587 510 1628 et
522 1580 615 1628 robore
629 1588 712 1638 cocto,

136 1668 196 1716 huic
209 1674 306 1727 natam,
322 1668 388 1716 libro
402 1675 427 1716 et
440 1668 547 1717 silvestri
561 1668 651 1717 subere
668 1669 800 1732 clausam,

66 1760 115 1803 555
136 1757 245 1818 inplicat
257 1765 334 1819 atque
346 1757 461 1805 habilem
474 1757 573 1805 mediae
587 1757 755 1819 circumligat
765 1762 870 1812 hastae:

137 1860 215 1906 quam
228 1845 318 1893 dextra
331 1845 429 1906 ingenti
444 1845 540 1893 librans
555 1846 591 1892 ita
604 1846 636 1893 ad
651 1846 761 1896 aethera
776 1851 855 1899 fatur.

132 1921 222 1990 ‘alma
238 1933 284 1980 tibi
298 1934 374 1992 hauc,
390 1948 526 1982 nemorum
540 1934 642 1991 cultrix,
658 1933 778 1986 Latonia
788 1940 870 2002 virgo,

135 2020 189 2082 ipse
202 2026 275 2082 pater
287 2021 412 2070 famulam
425 2037 514 2070 vove0.
543 2029 586 2069 tua
599 2023 682 2084 prima
696 2037 744 2084 per
758 2043 840 2076 auras

136 2109 188 2156 tela
201 2114 289 2156 tenens
303 2111 412 2172 supplex
425 2110 526 2158 hostem
539 2110 613 2172 fugit.
641 2111 740 2173 accipe,
763 2124 855 2175 testor,

66 2199 117 2242 560
138 2196 195 2243 diva
208 2203 287 2255 tuam,
304 2213 370 2259 quae
384 2212 451 2245 nunc
465 2199 549 2246 dubiis
563 2199 732 2246 committitur
747 2199 843 2253 auris.³

137 2285 201 2332 dixit
215 2294 239 2332 et
253 2287 364 2334 adducto
379 2293 525 2334 contortum
537 2287 630 2334 hastile
643 2287 742 2335 lacerto
781 2290 783 2294 '

135 2372 255 2420 inmittit:
278 2389 387 2422 sonuere
400 2376 494 2433 undae,
510 2375 629 2437 rapidum
643 2390 720 2437 super
734 2393 846 2431 amnem

135 2461 226 2510 infelix
239 2461 305 2523 fugit
317 2463 343 2508 iu
357 2462 442 2510 iaculo
456 2464 578 2511 stridente
592 2461 715 2511 Camilla.

135 2557 162 2598 at
175 2550 303 2609 Metabus,
318 2565 414 2613 magua
429 2552 533 2614 propius
548 2552 600 2600 iam
613 2562 739 2613 urguente
755 2566 872 2619 caterva,

51 2644 104 2692 565
127 2644 175 2695 dat
186 2659 247 2695 sese
260 2641 342 2694 fluvio
356 2649 438 2706 atque
449 2641 557 2690 hastam
569 2653 630 2684 cum
638 2637 740 2695 viragine
748 2643 834 2691 sim
