<?xml version="1.0" encoding="UTF-8"?>
<!DOCTYPE html PUBLIC "-//W3C//DTD XHTML 1.0 Transitional//EN"
    "http://www.w3.org/TR/xhtml1/DTD/xhtml1-transitional.dtd">
<html xmlns="http://www.w3.org/1999/xhtml" xml:lang="en" lang="en">
 <head>
  <title>
</title>
<meta http-equiv="Content-Type" content="text/html;charset=utf-8" />
  <meta name='ocr-system' content='tesseract 3.04.00' />
  <meta name='ocr-capabilities' content='ocr_page ocr_carea ocr_par ocr_line ocrx_word'/>
</head>
<body>
  <div class='ocr_page' id='page_1' title='image "./pvergiliusmaro00virggoog/pvergiliusmaro00virggoog_0139.png"; bbox 0 0 1808 2956; ppageno 0'>
   <div class='ocr_carea' id='block_1_1' title="bbox 72 178 623 224">
    <p class='ocr_par' dir='ltr' id='par_1_1' title="bbox 72 178 623 224">
     <span class='ocr_line' id='line_1_1' title="bbox 72 178 623 224; baseline -0.002 -2"><span class='ocrx_word' id='word_1_1' title='bbox 72 178 129 224; x_wconf 71' lang='lat'><strong>132</strong></span> <span class='ocrx_word' id='word_1_2' title='bbox 307 186 332 224; x_wconf 84' lang='lat' dir='ltr'><strong>P.</strong></span> <span class='ocrx_word' id='word_1_3' title='bbox 350 184 472 224; x_wconf 81' lang='lat' dir='ltr'><strong>VERGILI</strong></span> <span class='ocrx_word' id='word_1_4' title='bbox 493 183 623 223; x_wconf 84' lang='lat' dir='ltr'>MARONIS</span> 
     </span>
    </p>
   </div>
   <div class='ocr_carea' id='block_1_2' title="bbox 76 339 866 1639">
    <p class='ocr_par' dir='ltr' id='par_1_2' title="bbox 76 339 805 666">
     <span class='ocr_line' id='line_1_2' title="bbox 76 339 713 396; baseline 0 -10"><span class='ocrx_word' id='word_1_5' title='bbox 76 365 86 386; x_wconf 72' lang='lat'><strong>·</strong></span> <span class='ocrx_word' id='word_1_6' title='bbox 138 349 164 390; x_wconf 90' lang='lat' dir='ltr'><strong>et</strong></span> <span class='ocrx_word' id='word_1_7' title='bbox 176 342 288 390; x_wconf 83' lang='lat' dir='ltr'><strong>mulcere</strong></span> <span class='ocrx_word' id='word_1_8' title='bbox 301 342 372 390; x_wconf 80' lang='lat' dir='ltr'>dedit</span> <span class='ocrx_word' id='word_1_9' title='bbox 383 341 474 388; x_wconf 90' lang='lat' dir='ltr'><strong>fluctus</strong></span> <span class='ocrx_word' id='word_1_10' title='bbox 488 347 513 388; x_wconf 90' lang='lat' dir='ltr'><strong>et</strong></span> <span class='ocrx_word' id='word_1_11' title='bbox 525 339 615 387; x_wconf 90' lang='lat' dir='ltr'><strong>tollere</strong></span> <span class='ocrx_word' id='word_1_12' title='bbox 628 347 713 396; x_wconf 86' lang='lat' dir='ltr'><strong>vento,</strong></span> 
     </span>
     <span class='ocr_line' id='line_1_3' title="bbox 137 428 805 492; baseline -0.006 -14"><span class='ocrx_word' id='word_1_13' title='bbox 137 445 200 492; x_wconf 85' lang='lat' dir='ltr'><strong>gens</strong></span> <span class='ocrx_word' id='word_1_14' title='bbox 213 431 319 478; x_wconf 83' lang='lat' dir='ltr'><strong>inimica</strong></span> <span class='ocrx_word' id='word_1_15' title='bbox 331 430 395 478; x_wconf 92' lang='lat' dir='ltr'><strong>mihi</strong></span> <span class='ocrx_word' id='word_1_16' title='bbox 407 429 570 490; x_wconf 90' lang='lat' dir='ltr'><strong>Tyrrhenum</strong></span> <span class='ocrx_word' id='word_1_17' title='bbox 583 428 687 489; x_wconf 83' lang='lat' dir='ltr'><strong>navigat</strong></span> <span class='ocrx_word' id='word_1_18' title='bbox 699 442 805 488; x_wconf 78' lang='lat' dir='ltr'><strong>aequor,</strong></span> 
     </span>
     <span class='ocr_line' id='line_1_4' title="bbox 138 517 769 581; baseline -0.006 -15"><span class='ocrx_word' id='word_1_19' title='bbox 138 519 215 567; x_wconf 89' lang='lat' dir='ltr'><strong>Ilium</strong></span> <span class='ocrx_word' id='word_1_20' title='bbox 228 519 255 566; x_wconf 91' lang='lat' dir='ltr'><strong>in</strong></span> <span class='ocrx_word' id='word_1_21' title='bbox 268 520 371 567; x_wconf 87' lang='lat' dir='ltr'><strong>ltaliam</strong></span> <span class='ocrx_word' id='word_1_22' title='bbox 383 524 489 581; x_wconf 84' lang='lat' dir='ltr'><strong>portans</strong></span> <span class='ocrx_word' id='word_1_23' title='bbox 502 517 633 578; x_wconf 86' lang='lat' dir='ltr'><strong>victosque</strong></span> <span class='ocrx_word' id='word_1_24' title='bbox 647 524 769 578; x_wconf 89' lang='lat' dir='ltr'><strong>penates:</strong></span> 
     </span>
     <span class='ocr_line' id='line_1_5' title="bbox 138 604 804 666; baseline -0.005 -12"><span class='ocrx_word' id='word_1_25' title='bbox 138 607 224 656; x_wconf 91' lang='lat' dir='ltr'><strong>incute</strong></span> <span class='ocrx_word' id='word_1_26' title='bbox 236 608 287 655; x_wconf 88' lang='lat' dir='ltr'><strong>vim</strong></span> <span class='ocrx_word' id='word_1_27' title='bbox 300 608 380 656; x_wconf 91' lang='lat' dir='ltr'><strong>ventis</strong></span> <span class='ocrx_word' id='word_1_28' title='bbox 394 607 590 666; x_wconf 83' lang='lat' dir='ltr'><strong>submersasque</strong></span> <span class='ocrx_word' id='word_1_29' title='bbox 604 604 684 651; x_wconf 92' lang='lat' dir='ltr'><strong>obrue</strong></span> <span class='ocrx_word' id='word_1_30' title='bbox 696 619 804 666; x_wconf 86' lang='lat' dir='ltr'><strong>puppes,</strong></span> 
     </span>
    </p>

    <p class='ocr_par' dir='ltr' id='par_1_3' title="bbox 87 694 865 1108">
     <span class='ocr_line' id='line_1_6' title="bbox 87 694 726 758; baseline -0.008 -14"><span class='ocrx_word' id='word_1_31' title='bbox 87 699 119 744; x_wconf 82' lang='lat' dir='ltr'><strong>to</strong></span> <span class='ocrx_word' id='word_1_32' title='bbox 140 703 184 743; x_wconf 83' lang='lat' dir='ltr'><strong>ant</strong></span> <span class='ocrx_word' id='word_1_33' title='bbox 196 711 244 758; x_wconf 81' lang='lat' dir='ltr'><strong>nge</strong></span> <span class='ocrx_word' id='word_1_34' title='bbox 258 697 370 744; x_wconf 86' lang='lat' dir='ltr'><strong>diversos</strong></span> <span class='ocrx_word' id='word_1_35' title='bbox 383 703 409 743; x_wconf 90' lang='lat' dir='ltr'><strong>et</strong></span> <span class='ocrx_word' id='word_1_36' title='bbox 421 694 501 741; x_wconf 86' lang='lat' dir='ltr'><strong>disice</strong></span> <span class='ocrx_word' id='word_1_37' title='bbox 515 707 624 754; x_wconf 87' lang='lat' dir='ltr'><strong>corpora</strong></span> <span class='ocrx_word' id='word_1_38' title='bbox 637 700 726 754; x_wconf 88' lang='lat' dir='ltr'><strong>ponto.</strong></span> 
     </span>
     <span class='ocr_line' id='line_1_7' title="bbox 138 781 865 845; baseline -0.004 -13"><span class='ocrx_word' id='word_1_39' title='bbox 138 793 198 832; x_wconf 86' lang='lat' dir='ltr'><strong>sunt</strong></span> <span class='ocrx_word' id='word_1_40' title='bbox 210 785 272 832; x_wconf 90' lang='lat' dir='ltr'><strong>mibi</strong></span> <span class='ocrx_word' id='word_1_41' title='bbox 286 784 325 831; x_wconf 93' lang='lat' dir='ltr'><strong>bis</strong></span> <span class='ocrx_word' id='word_1_42' title='bbox 338 790 435 845; x_wconf 80' lang='lat' dir='ltr'><strong>septem</strong></span> <span class='ocrx_word' id='word_1_43' title='bbox 448 781 588 845; x_wconf 83' lang='lat' dir='ltr'><strong>praestanti</strong></span> <span class='ocrx_word' id='word_1_44' title='bbox 602 795 709 842; x_wconf 91' lang='lat' dir='ltr'><strong>corpore</strong></span> <span class='ocrx_word' id='word_1_45' title='bbox 722 782 865 844; x_wconf 78' lang='lat' dir='ltr'><strong>nymplrae3</strong></span> 
     </span>
     <span class='ocr_line' id='line_1_8' title="bbox 139 869 750 935; baseline -0.008 -15"><span class='ocrx_word' id='word_1_46' title='bbox 139 888 248 935; x_wconf 84' lang='lat' dir='ltr'><strong>quarum</strong></span> <span class='ocrx_word' id='word_1_47' title='bbox 261 887 327 934; x_wconf 85' lang='lat' dir='ltr'><strong>quae</strong></span> <span class='ocrx_word' id='word_1_48' title='bbox 340 872 424 919; x_wconf 86' lang='lat' dir='ltr'><strong>forma</strong></span> <span class='ocrx_word' id='word_1_49' title='bbox 436 869 611 933; x_wconf 81' lang='lat' dir='ltr'><strong>pulcherrima</strong></span> <span class='ocrx_word' id='word_1_50' title='bbox 623 869 750 931; x_wconf 77' lang='lat' dir='ltr'><strong>Deiopea,</strong></span> 
     </span>
     <span class='ocr_line' id='line_1_9' title="bbox 139 958 781 1021; baseline -0.008 -12"><span class='ocrx_word' id='word_1_51' title='bbox 139 962 250 1009; x_wconf 88' lang='lat' dir='ltr'><strong>conubio</strong></span> <span class='ocrx_word' id='word_1_52' title='bbox 263 961 369 1021; x_wconf 85' lang='lat' dir='ltr'><strong>iungam</strong></span> <span class='ocrx_word' id='word_1_53' title='bbox 383 958 468 1006; x_wconf 89' lang='lat' dir='ltr'><strong>stabili</strong></span> <span class='ocrx_word' id='word_1_54' title='bbox 482 958 665 1020; x_wconf 87' lang='lat' dir='ltr'><strong>propriamque</strong></span> <span class='ocrx_word' id='word_1_55' title='bbox 679 958 781 1015; x_wconf 82' lang='lat' dir='ltr'><strong>dicabo,</strong></span> 
     </span>
     <span class='ocr_line' id='line_1_10' title="bbox 139 1045 731 1108; baseline -0.007 -12"><span class='ocrx_word' id='word_1_56' title='bbox 139 1050 222 1096; x_wconf 91' lang='lat' dir='ltr'><strong>omnis</strong></span> <span class='ocrx_word' id='word_1_57' title='bbox 235 1057 264 1096; x_wconf 90' lang='lat' dir='ltr'><strong>nt</strong></span> <span class='ocrx_word' id='word_1_58' title='bbox 276 1055 360 1096; x_wconf 88' lang='lat' dir='ltr'><strong>tecum</strong></span> <span class='ocrx_word' id='word_1_59' title='bbox 373 1047 469 1095; x_wconf 89' lang='lat' dir='ltr'><strong>meritis</strong></span> <span class='ocrx_word' id='word_1_60' title='bbox 482 1062 529 1108; x_wconf 93' lang='lat' dir='ltr'><strong>pro</strong></span> <span class='ocrx_word' id='word_1_61' title='bbox 543 1045 636 1093; x_wconf 80' lang='lat' dir='ltr'><strong>talibus</strong></span> <span class='ocrx_word' id='word_1_62' title='bbox 650 1061 731 1093; x_wconf 80' lang='lat' dir='ltr'><strong>annos</strong></span> 
     </span>
    </p>

    <p class='ocr_par' dir='ltr' id='par_1_4' title="bbox 88 1126 761 1199">
     <span class='ocr_line' id='line_1_11' title="bbox 88 1126 761 1199; baseline -0.006 -15"><span class='ocrx_word' id='word_1_63' title='bbox 88 1140 119 1185; x_wconf 81' lang='lat'><strong>75</strong></span> <span class='ocrx_word' id='word_1_64' title='bbox 139 1137 226 1198; x_wconf 81' lang='lat' dir='ltr'><strong>exiget</strong></span> <span class='ocrx_word' id='word_1_65' title='bbox 238 1144 263 1184; x_wconf 92' lang='lat' dir='ltr'><strong>et</strong></span> <span class='ocrx_word' id='word_1_66' title='bbox 275 1136 384 1199; x_wconf 85' lang='lat' dir='ltr'><strong>pulchra</strong></span> <span class='ocrx_word' id='word_1_67' title='bbox 397 1135 475 1183; x_wconf 83' lang='lat' dir='ltr'><strong>faeiat</strong></span> <span class='ocrx_word' id='word_1_68' title='bbox 487 1143 511 1183; x_wconf 89' lang='lat' dir='ltr'><strong>te</strong></span> <span class='ocrx_word' id='word_1_69' title='bbox 524 1136 596 1197; x_wconf 90' lang='lat' dir='ltr'><strong>prole</strong></span> <span class='ocrx_word' id='word_1_70' title='bbox 610 1126 761 1196; x_wconf 85' lang='lat' dir='ltr'><strong>parentem.&#39;</strong></span> 
     </span>
    </p>

    <p class='ocr_par' dir='ltr' id='par_1_5' title="bbox 140 1213 866 1550">
     <span class='ocr_line' id='line_1_12' title="bbox 174 1213 866 1285; baseline -0.003 -13"><span class='ocrx_word' id='word_1_71' title='bbox 174 1226 271 1272; x_wconf 88' lang='lat' dir='ltr'><strong>Aeolus</strong></span> <span class='ocrx_word' id='word_1_72' title='bbox 285 1225 349 1272; x_wconf 87' lang='lat' dir='ltr'><strong>haee</strong></span> <span class='ocrx_word' id='word_1_73' title='bbox 362 1231 460 1281; x_wconf 87' lang='lat' dir='ltr'><strong>eontra,</strong></span> <span class='ocrx_word' id='word_1_74' title='bbox 473 1213 554 1281; x_wconf 83' lang='lat' dir='ltr'><strong>‘tuos,</strong></span> <span class='ocrx_word' id='word_1_75' title='bbox 571 1238 586 1270; x_wconf 94' lang='lat'><em>0</em></span> <span class='ocrx_word' id='word_1_76' title='bbox 599 1223 701 1283; x_wconf 84' lang='lat' dir='ltr'><strong>regina,</strong></span> <span class='ocrx_word' id='word_1_77' title='bbox 718 1223 780 1284; x_wconf 92' lang='lat' dir='ltr'><strong>quid</strong></span> <span class='ocrx_word' id='word_1_78' title='bbox 795 1230 866 1285; x_wconf 89' lang='lat' dir='ltr'><strong>optes</strong></span> 
     </span>
     <span class='ocr_line' id='line_1_13' title="bbox 140 1311 799 1375; baseline -0.003 -15"><span class='ocrx_word' id='word_1_79' title='bbox 140 1314 274 1375; x_wconf 86' lang='lat' dir='ltr'><strong>explorare</strong></span> <span class='ocrx_word' id='word_1_80' title='bbox 287 1312 376 1370; x_wconf 75' lang='lat' dir='ltr'><strong>labor,</strong></span> <span class='ocrx_word' id='word_1_81' title='bbox 397 1311 460 1359; x_wconf 91' lang='lat' dir='ltr'><strong>mihi</strong></span> <span class='ocrx_word' id='word_1_82' title='bbox 473 1311 544 1358; x_wconf 87' lang='lat' dir='ltr'><strong>iussa</strong></span> <span class='ocrx_word' id='word_1_83' title='bbox 557 1325 689 1373; x_wconf 84' lang='lat' dir='ltr'><strong>capessere</strong></span> <span class='ocrx_word' id='word_1_84' title='bbox 702 1311 740 1358; x_wconf 87' lang='lat' dir='ltr'><strong>fos</strong></span> <span class='ocrx_word' id='word_1_85' title='bbox 754 1319 799 1359; x_wconf 88' lang='lat' dir='ltr'><strong>est.</strong></span> 
     </span>
     <span class='ocr_line' id='line_1_14' title="bbox 140 1399 866 1463; baseline -0.006 -13"><span class='ocrx_word' id='word_1_86' title='bbox 140 1409 168 1450; x_wconf 90' lang='lat' dir='ltr'><strong>tu</strong></span> <span class='ocrx_word' id='word_1_87' title='bbox 181 1401 244 1449; x_wconf 89' lang='lat' dir='ltr'><strong>mihi</strong></span> <span class='ocrx_word' id='word_1_88' title='bbox 257 1401 438 1463; x_wconf 91' lang='lat' dir='ltr'><strong>quodcumque</strong></span> <span class='ocrx_word' id='word_1_89' title='bbox 451 1399 499 1448; x_wconf 91' lang='lat' dir='ltr'><strong>hoe</strong></span> <span class='ocrx_word' id='word_1_90' title='bbox 513 1400 599 1461; x_wconf 83' lang='lat' dir='ltr'><strong>regni,</strong></span> <span class='ocrx_word' id='word_1_91' title='bbox 615 1407 643 1447; x_wconf 90' lang='lat' dir='ltr'><strong>tn</strong></span> <span class='ocrx_word' id='word_1_92' title='bbox 656 1407 757 1462; x_wconf 83' lang='lat' dir='ltr'><strong>sceptra</strong></span> <span class='ocrx_word' id='word_1_93' title='bbox 768 1401 866 1447; x_wconf 89' lang='lat' dir='ltr'><strong>Iovem-</strong></span> 
     </span>
     <span class='ocr_line' id='line_1_15' title="bbox 442 1503 490 1550; baseline 0 -14"><span class='ocrx_word' id='word_1_94' title='bbox 442 1503 490 1550; x_wconf 90' lang='lat' dir='ltr'><strong>que</strong></span> 
     </span>
    </p>

    <p class='ocr_par' dir='ltr' id='par_1_6' title="bbox 141 1577 734 1639">
     <span class='ocr_line' id='line_1_16' title="bbox 141 1577 734 1639; baseline 0 -15"><span class='ocrx_word' id='word_1_95' title='bbox 141 1578 273 1636; x_wconf 89' lang='lat' dir='ltr'><strong>concilias,</strong></span> <span class='ocrx_word' id='word_1_96' title='bbox 289 1584 316 1625; x_wconf 92' lang='lat' dir='ltr'><strong>tn</strong></span> <span class='ocrx_word' id='word_1_97' title='bbox 330 1578 375 1625; x_wconf 85' lang='lat' dir='ltr'><strong>das</strong></span> <span class='ocrx_word' id='word_1_98' title='bbox 389 1577 471 1639; x_wconf 91' lang='lat' dir='ltr'><strong>epulis</strong></span> <span class='ocrx_word' id='word_1_99' title='bbox 484 1577 635 1625; x_wconf 90' lang='lat' dir='ltr'><strong>accumbere</strong></span> <span class='ocrx_word' id='word_1_100' title='bbox 649 1577 734 1624; x_wconf 86' lang='lat' dir='ltr'><strong>divom</strong></span> 
     </span>
    </p>
   </div>
   <div class='ocr_carea' id='block_1_3' title="bbox 89 1657 824 1728">
    <p class='ocr_par' dir='ltr' id='par_1_7' title="bbox 89 1657 824 1728">
     <span class='ocr_line' id='line_1_17' title="bbox 89 1657 824 1728; baseline -0.003 -14"><span class='ocrx_word' id='word_1_101' title='bbox 89 1672 121 1714; x_wconf 82' lang='lat'><strong>80</strong></span> <span class='ocrx_word' id='word_1_102' title='bbox 141 1665 339 1728; x_wconf 89' lang='lat' dir='ltr'><strong>nimborumque</strong></span> <span class='ocrx_word' id='word_1_103' title='bbox 352 1665 414 1713; x_wconf 84' lang='lat' dir='ltr'><strong>facis</strong></span> <span class='ocrx_word' id='word_1_104' title='bbox 428 1673 659 1728; x_wconf 88' lang='lat' dir='ltr'><strong>tempestatumque</strong></span> <span class='ocrx_word' id='word_1_105' title='bbox 673 1657 824 1728; x_wconf 86' lang='lat' dir='ltr'><strong>potentem&#39;</strong></span> 
     </span>
    </p>
   </div>
   <div class='ocr_carea' id='block_1_4' title="bbox 89 1754 868 2703">
    <p class='ocr_par' dir='ltr' id='par_1_8' title="bbox 141 1754 867 2081">
     <span class='ocr_line' id='line_1_18' title="bbox 176 1754 867 1816; baseline -0.003 -14"><span class='ocrx_word' id='word_1_106' title='bbox 176 1754 247 1802; x_wconf 83' lang='lat' dir='ltr'><strong>Haec</strong></span> <span class='ocrx_word' id='word_1_107' title='bbox 259 1754 303 1801; x_wconf 93' lang='lat' dir='ltr'><strong>ubi</strong></span> <span class='ocrx_word' id='word_1_108' title='bbox 317 1755 394 1812; x_wconf 85' lang='lat' dir='ltr'><strong>dicta,</strong></span> <span class='ocrx_word' id='word_1_109' title='bbox 411 1768 500 1801; x_wconf 89' lang='lat' dir='ltr'><strong>cavom</strong></span> <span class='ocrx_word' id='word_1_110' title='bbox 513 1769 635 1802; x_wconf 85' lang='lat' dir='ltr'><strong>conversa</strong></span> <span class='ocrx_word' id='word_1_111' title='bbox 643 1755 748 1816; x_wconf 88' lang='lat' dir='ltr'><strong>cuspide</strong></span> <span class='ocrx_word' id='word_1_112' title='bbox 754 1762 867 1801; x_wconf 86' lang='lat' dir='ltr'><strong>montem</strong></span> 
     </span>
     <span class='ocr_line' id='line_1_19' title="bbox 141 1843 769 1905; baseline 0 -15"><span class='ocrx_word' id='word_1_113' title='bbox 141 1843 235 1905; x_wconf 89' lang='lat' dir='ltr'><strong>inpulit</strong></span> <span class='ocrx_word' id='word_1_114' title='bbox 247 1843 274 1890; x_wconf 91' lang='lat' dir='ltr'><strong>in</strong></span> <span class='ocrx_word' id='word_1_115' title='bbox 287 1843 364 1902; x_wconf 88' lang='lat' dir='ltr'><strong>latus,</strong></span> <span class='ocrx_word' id='word_1_116' title='bbox 380 1858 410 1890; x_wconf 86' lang='lat' dir='ltr'><strong>ac</strong></span> <span class='ocrx_word' id='word_1_117' title='bbox 424 1843 490 1891; x_wconf 90' lang='lat' dir='ltr'><strong>venti</strong></span> <span class='ocrx_word' id='word_1_118' title='bbox 503 1843 573 1890; x_wconf 88' lang='lat' dir='ltr'><strong>velut</strong></span> <span class='ocrx_word' id='word_1_119' title='bbox 585 1843 687 1903; x_wconf 82' lang='lat' dir='ltr'><strong>agmine</strong></span> <span class='ocrx_word' id='word_1_120' title='bbox 700 1843 769 1890; x_wconf 85' lang='lat' dir='ltr'><strong>facto</strong></span> 
     </span>
     <span class='ocr_line' id='line_1_20' title="bbox 142 1931 825 1993; baseline -0.001 -14"><span class='ocrx_word' id='word_1_121' title='bbox 142 1947 193 1993; x_wconf 82' lang='lat' dir='ltr'><strong>qna</strong></span> <span class='ocrx_word' id='word_1_122' title='bbox 207 1932 267 1979; x_wconf 83' lang='lat' dir='ltr'><strong>datu</strong></span> <span class='ocrx_word' id='word_1_123' title='bbox 280 1937 354 1993; x_wconf 86' lang='lat' dir='ltr'><strong>porta</strong></span> <span class='ocrx_word' id='word_1_124' title='bbox 367 1939 444 1978; x_wconf 89' lang='lat' dir='ltr'><strong>ruent</strong></span> <span class='ocrx_word' id='word_1_125' title='bbox 456 1939 481 1979; x_wconf 91' lang='lat' dir='ltr'><strong>et</strong></span> <span class='ocrx_word' id='word_1_126' title='bbox 493 1938 573 1978; x_wconf 83' lang='lat' dir='ltr'><strong>terres</strong></span> <span class='ocrx_word' id='word_1_127' title='bbox 587 1931 687 1979; x_wconf 85' lang='lat' dir='ltr'><strong>turbine</strong></span> <span class='ocrx_word' id='word_1_128' title='bbox 702 1932 825 1993; x_wconf 77' lang='lat' dir='ltr'><strong>pertlant3</strong></span> 
     </span>
     <span class='ocr_line' id='line_1_21' title="bbox 141 2019 787 2081; baseline 0.005 -15"><span class='ocrx_word' id='word_1_129' title='bbox 141 2019 281 2068; x_wconf 87' lang='lat' dir='ltr'><strong>incubuere</strong></span> <span class='ocrx_word' id='word_1_130' title='bbox 294 2020 368 2078; x_wconf 85' lang='lat' dir='ltr'><strong>meri,</strong></span> <span class='ocrx_word' id='word_1_131' title='bbox 384 2025 517 2081; x_wconf 86' lang='lat' dir='ltr'><strong>totumque</strong></span> <span class='ocrx_word' id='word_1_132' title='bbox 530 2035 546 2066; x_wconf 92' lang='lat' dir='ltr'><strong>a</strong></span> <span class='ocrx_word' id='word_1_133' title='bbox 559 2019 661 2067; x_wconf 87' lang='lat' dir='ltr'><strong>sedibus</strong></span> <span class='ocrx_word' id='word_1_134' title='bbox 675 2020 733 2066; x_wconf 90' lang='lat' dir='ltr'><strong>imis</strong></span> <span class='ocrx_word' id='word_1_135' title='bbox 785 2064 787 2069; x_wconf 93' lang='lat'><em>.</em></span> 
     </span>
    </p>

    <p class='ocr_par' dir='ltr' id='par_1_9' title="bbox 89 2107 868 2522">
     <span class='ocr_line' id='line_1_22' title="bbox 89 2107 868 2171; baseline -0.004 -15"><span class='ocrx_word' id='word_1_136' title='bbox 89 2112 122 2156; x_wconf 85' lang='grc'><strong>85</strong></span> <span class='ocrx_word' id='word_1_137' title='bbox 142 2122 194 2154; x_wconf 84' lang='lat' dir='ltr'><strong>nne</strong></span> <span class='ocrx_word' id='word_1_138' title='bbox 205 2107 340 2170; x_wconf 80' lang='lat' dir='ltr'><strong>Eurusque</strong></span> <span class='ocrx_word' id='word_1_139' title='bbox 352 2107 485 2168; x_wconf 87' lang='lat' dir='ltr'><strong>Notusque</strong></span> <span class='ocrx_word' id='word_1_140' title='bbox 498 2116 575 2155; x_wconf 85' lang='lat' dir='ltr'><strong>ruont</strong></span> <span class='ocrx_word' id='word_1_141' title='bbox 592 2107 730 2170; x_wconf 84' lang='lat' dir='ltr'><strong>creberque</strong></span> <span class='ocrx_word' id='word_1_142' title='bbox 748 2107 868 2171; x_wconf 90' lang='lat' dir='ltr'><strong>procellis</strong></span> 
     </span>
     <span class='ocr_line' id='line_1_23' title="bbox 141 2195 745 2266; baseline 0 -24"><span class='ocrx_word' id='word_1_143' title='bbox 141 2195 244 2244; x_wconf 86' lang='lat' dir='ltr'><strong>Africus</strong></span> <span class='ocrx_word' id='word_1_144' title='bbox 258 2203 283 2244; x_wconf 89' lang='lat' dir='ltr'><strong>et</strong></span> <span class='ocrx_word' id='word_1_145' title='bbox 295 2203 380 2243; x_wconf 89' lang='lat' dir='ltr'><strong>vastos</strong></span> <span class='ocrx_word' id='word_1_146' title='bbox 392 2196 497 2243; x_wconf 86' lang='lat' dir='ltr'><strong>volvont</strong></span> <span class='ocrx_word' id='word_1_147' title='bbox 509 2196 541 2243; x_wconf 86' lang='lat' dir='ltr'><strong>ad</strong></span> <span class='ocrx_word' id='word_1_148' title='bbox 556 2196 633 2266; x_wconf 80' lang='lat' dir='ltr'><strong>litora</strong></span> <span class='ocrx_word' id='word_1_149' title='bbox 645 2196 745 2244; x_wconf 86' lang='lat' dir='ltr'><strong>fluctus.</strong></span> 
     </span>
     <span class='ocr_line' id='line_1_24' title="bbox 142 2284 867 2346; baseline 0.001 -16"><span class='ocrx_word' id='word_1_150' title='bbox 142 2284 285 2346; x_wconf 87' lang='lat' dir='ltr'><strong>insequitur</strong></span> <span class='ocrx_word' id='word_1_151' title='bbox 298 2285 447 2345; x_wconf 91' lang='lat' dir='ltr'><strong>clamorque</strong></span> <span class='ocrx_word' id='word_1_152' title='bbox 460 2284 542 2331; x_wconf 88' lang='lat' dir='ltr'><strong>virum</strong></span> <span class='ocrx_word' id='word_1_153' title='bbox 556 2284 701 2346; x_wconf 84' lang='lat' dir='ltr'><strong>stridorque</strong></span> <span class='ocrx_word' id='word_1_154' title='bbox 714 2285 867 2340; x_wconf 82' lang='lat' dir='ltr'><strong>rudentnm3</strong></span> 
     </span>
     <span class='ocr_line' id='line_1_25' title="bbox 142 2372 742 2434; baseline 0 -14"><span class='ocrx_word' id='word_1_155' title='bbox 142 2372 253 2434; x_wconf 89' lang='lat' dir='ltr'><strong>eripiunt</strong></span> <span class='ocrx_word' id='word_1_156' title='bbox 265 2372 350 2420; x_wconf 88' lang='lat' dir='ltr'><strong>subite</strong></span> <span class='ocrx_word' id='word_1_157' title='bbox 363 2372 444 2420; x_wconf 91' lang='lat' dir='ltr'><strong>nubes</strong></span> <span class='ocrx_word' id='word_1_158' title='bbox 458 2373 609 2434; x_wconf 83' lang='lat' dir='ltr'><strong>caelumque</strong></span> <span class='ocrx_word' id='word_1_159' title='bbox 623 2372 742 2434; x_wconf 84' lang='lat' dir='ltr'><strong>diemque</strong></span> 
     </span>
     <span class='ocr_line' id='line_1_26' title="bbox 142 2460 807 2522; baseline 0.002 -15"><span class='ocrx_word' id='word_1_160' title='bbox 142 2460 301 2508; x_wconf 87' lang='lat' dir='ltr'><strong>Teucrorum</strong></span> <span class='ocrx_word' id='word_1_161' title='bbox 314 2475 346 2509; x_wconf 88' lang='lat' dir='ltr'><strong>ex</strong></span> <span class='ocrx_word' id='word_1_162' title='bbox 359 2460 450 2518; x_wconf 90' lang='lat' dir='ltr'><strong>oculis,</strong></span> <span class='ocrx_word' id='word_1_163' title='bbox 465 2467 545 2522; x_wconf 92' lang='lat' dir='ltr'><strong>ponto</strong></span> <span class='ocrx_word' id='word_1_164' title='bbox 559 2475 611 2507; x_wconf 85' lang='lat' dir='ltr'><strong>nox</strong></span> <span class='ocrx_word' id='word_1_165' title='bbox 624 2460 730 2508; x_wconf 86' lang='lat' dir='ltr'><strong>incubet</strong></span> <span class='ocrx_word' id='word_1_166' title='bbox 743 2468 807 2522; x_wconf 83' lang='lat' dir='ltr'><strong>atra,</strong></span> 
     </span>
    </p>

    <p class='ocr_par' dir='ltr' id='par_1_10' title="bbox 90 2548 798 2611">
     <span class='ocr_line' id='line_1_27' title="bbox 90 2548 798 2611; baseline -0.001 -14"><span class='ocrx_word' id='word_1_167' title='bbox 90 2553 123 2597; x_wconf 83' lang='lat'><strong>90</strong></span> <span class='ocrx_word' id='word_1_168' title='bbox 142 2549 277 2597; x_wconf 88' lang='lat' dir='ltr'><strong>intonuere</strong></span> <span class='ocrx_word' id='word_1_169' title='bbox 290 2549 343 2611; x_wconf 93' lang='lat' dir='ltr'><strong>poli</strong></span> <span class='ocrx_word' id='word_1_170' title='bbox 357 2556 382 2596; x_wconf 90' lang='lat' dir='ltr'><strong>et</strong></span> <span class='ocrx_word' id='word_1_171' title='bbox 395 2548 489 2596; x_wconf 88' lang='lat' dir='ltr'><strong>crebris</strong></span> <span class='ocrx_word' id='word_1_172' title='bbox 502 2549 581 2596; x_wconf 84' lang='lat' dir='ltr'><strong>micat</strong></span> <span class='ocrx_word' id='word_1_173' title='bbox 593 2549 696 2610; x_wconf 87' lang='lat' dir='ltr'><strong>ignibus</strong></span> <span class='ocrx_word' id='word_1_174' title='bbox 710 2550 798 2598; x_wconf 87' lang='lat' dir='ltr'><strong>aether</strong></span> 
     </span>
    </p>

    <p class='ocr_par' dir='ltr' id='par_1_11' title="bbox 122 2637 804 2703">
     <span class='ocr_line' id='line_1_28' title="bbox 122 2637 804 2703; baseline 0.001 -22"><span class='ocrx_word' id='word_1_175' title='bbox 122 2644 349 2703; x_wconf 82' lang='lat' dir='ltr'><strong>praesentemque</strong></span> <span class='ocrx_word' id='word_1_176' title='bbox 363 2638 423 2689; x_wconf 87' lang='lat' dir='ltr'><strong>viris</strong></span> <span class='ocrx_word' id='word_1_177' title='bbox 437 2638 571 2689; x_wconf 85' lang='lat' dir='ltr'><strong>intentent</strong></span> <span class='ocrx_word' id='word_1_178' title='bbox 583 2637 673 2687; x_wconf 78' lang='lat' dir='ltr'><strong>omma</strong></span> <span class='ocrx_word' id='word_1_179' title='bbox 683 2645 804 2685; x_wconf 83' lang='lat' dir='ltr'><strong>mortem.</strong></span> 
     </span>
    </p>
   </div>
   <div class='ocr_carea' id='block_1_5' title="bbox 0 0 913 2956">
    <p class='ocr_par' dir='ltr' id='par_1_12' title="bbox 0 0 913 2956">
     <span class='ocr_line' id='line_1_29' title="bbox 0 0 913 2956; baseline 0 0"><span class='ocrx_word' id='word_1_180' title='bbox 0 0 913 2956; x_wconf 95' lang='lat' dir='ltr'><strong> </strong></span> 
     </span>
    </p>
   </div>
  </div>
 </body>
</html>
