1808 2956
275 189 422 229 annutans
440 191 527 229 arnna
545 192 573 231 v.
760 183 819 231 275

95 346 247 408 auxilioque
260 361 352 395 vocare
366 348 427 394 deos
441 354 465 394 et
478 349 582 396 tendere
595 349 704 410 palmas.

91 425 220 497 ‘luppiter
238 435 410 497 omnipotens,
426 437 446 482 si
461 437 576 483 nendum
590 451 682 484 exosus
696 438 727 484 ad
742 453 822 485 unum

95 523 232 582 Troianos,
248 524 332 586 siquid
346 524 427 586 pietas
443 525 549 586 antiqua
562 525 663 573 labores

95 612 201 674 respicit
213 612 349 671 humanos,
367 613 400 660 da
412 614 542 662 flammam
555 614 662 662 evadere
675 614 750 662 classi

48 708 75 750 lo
97 716 175 759 nune,
191 706 272 762 pater,
288 708 313 748 et
326 702 408 749 tenuis
421 702 549 750 Teucrum
563 717 602 750 res
617 703 686 764 eripe
699 703 767 762 let03

96 791 136 837 vel
150 796 185 848 tu,
202 790 271 852 quod
285 797 409 852 superest,
424 790 516 838 infesto
531 790 638 838 fulmine
650 791 737 849 Morti,

96 879 117 926 si
131 892 239 936 mereor,
257 878 360 926 demitte
374 885 469 940 tuaque
482 879 525 927 hic
538 880 617 927 obrue
632 871 739 927 dextra'

96 968 140 1014 vix
153 967 217 1015 haee
230 967 353 1025 ediderat,
370 982 428 1014 eum
441 967 527 1015 effusis
540 967 664 1014 imbribus
678 973 733 1015 atra

96 1064 233 1118 tempestas
246 1054 302 1102 sine
315 1070 385 1103 more
400 1055 460 1102 furit
472 1057 620 1118 tonitruque
632 1062 787 1104 tremescunt

48 1151 75 1194 35
97 1146 178 1192 ardua
192 1151 316 1192 terrarum
330 1151 355 1191 et
367 1144 460 1206 campi,
476 1145 528 1191 ruit
541 1144 642 1192 aethere
656 1151 709 1192 toto

96 1233 212 1280 turbidus
226 1232 307 1280 imber
327 1247 396 1294 aqua
413 1232 550 1295 densisque
563 1233 717 1293 nigerrimus
730 1233 823 1280 austris

96 1322 279 1384 inplenturque
292 1335 368 1382 super
382 1336 488 1383 puppes,
504 1327 616 1369 semusta
628 1322 780 1370 madescunt

96 1410 200 1468 robora,
216 1410 351 1457 restinctus
366 1410 448 1457 donec
460 1425 540 1472 vapor
553 1411 636 1456 omnis
650 1417 676 1458 et
689 1425 786 1468 omnes,

98 1507 219 1562 quattuor
231 1499 341 1555 arnissis,
357 1505 471 1547 servatae
485 1514 501 1545 a
513 1505 584 1560 peste
597 1499 709 1546 carinae.

48 1593 77 1636 20
133 1587 169 1634 At
181 1593 253 1649 pater
265 1587 376 1645 Aeneas,
393 1602 453 1635 casu
467 1602 605 1634 concussus
619 1585 721 1644 acerbo,

96 1690 166 1723 nune
179 1675 230 1722 huc
243 1676 364 1736 ingentis,
380 1690 449 1723 nunc
462 1676 525 1723 illuc
537 1681 641 1736 pectore
655 1689 728 1722 curus

96 1763 213 1812 mutabat
225 1779 336 1823 versans,
353 1763 480 1812 Siculisne
493 1764 615 1811 resideret
628 1762 703 1821 arvis,

97 1853 192 1900 oblitus
207 1853 326 1911 faturum,
341 1852 455 1900 Italasne
469 1858 612 1915 capesseret
624 1865 691 1898 cras.

96 1947 151 1988 tum
164 1942 250 1989 senior
262 1941 367 1999 Nautes,
382 1956 463 1988 unum
476 1940 595 1988 Tritonia
607 1939 694 1988 Pallas

48 2035 76 2079 25
98 2045 174 2092 quem
188 2031 277 2078 docuit
289 2031 421 2092 multaque
434 2030 562 2090 insignem
576 2028 688 2076 reddidit
700 2034 769 2075 arte:

97 2118 162 2167 haec
175 2134 300 2181 responsa
313 2119 400 2176 dabat,
416 2119 455 2166 vel
469 2133 535 2180 quae
549 2118 713 2179 portenderet
725 2116 763 2164 ira

96 2223 192 2269 magna
205 2208 281 2255 deum
294 2208 332 2255 vel
348 2222 413 2269 quae
427 2207 538 2255 fatorum
551 2212 668 2268 posceret
680 2205 758 2252 ordo:

97 2297 170 2359 isque
183 2296 222 2344 his
235 2296 343 2344 Aenean
356 2296 453 2343 solatus
467 2293 571 2342 vocibus
585 2295 648 2340 infit.

93 2375 164 2433 ‘nate
183 2386 245 2445 dea,
265 2400 316 2447 quo
335 2385 387 2432 feta
406 2384 511 2431 trahunt
529 2382 712 2444 retrahuntque
732 2395 822 2442 sequa·

397 2487 463 2519 mur.

47 2569 78 2610 10
99 2563 222 2625 quidquid
238 2562 292 2621 erit,
309 2561 460 2627 superanda
472 2559 560 2610 emme
571 2554 847 2607 losannensem&-

88 2657 127 2696 est
139 2651 185 2697 tibi
196 2651 354 2704 Dardanius
371 2655 484 2706 divinae
496 2652 596 2717 stirpis
613 2648 748 2771 bezeuge·-

649 2732 668 2775 X
