1808 2956
306 189 453 228 autumnos
474 191 559 228 LIBER
576 191 618 228 tx.
798 182 856 229 401

135 361 187 408 qua
199 361 258 393 rara
271 353 308 394 est
320 346 387 393 acies
401 346 587 407 interlucetque
601 360 698 393 corona

134 449 187 481 non
202 443 254 481 tam
266 435 350 496 spissa
362 434 430 482 viris.
459 434 569 482 telorum
583 434 714 482 eti'undere
727 444 817 483 eontra

135 537 211 570 omne
225 537 306 584 genus
320 523 413 570 Teucri
427 537 458 569 ac
471 523 541 569 duris
554 521 690 571 detrudere
703 524 795 581 contis,

135 611 233 658 adsueti
248 611 328 671 longo
342 625 428 657 muros
443 609 579 658 defendere
592 609 670 657 bello.

64 705 114 746 510
134 713 198 746 saxa
211 713 314 760 quoque
328 698 421 746 infesto
435 697 572 746 volvebant
584 699 707 760 pondere,
723 699 797 761 siqua

134 794 238 848 possent
245 794 339 834 tectam
346 787 429 835 aciem
436 800 609 848 perrumpere,
620 800 678 833 cum
685 793 771 835 tamen
778 787 862 835 omnis

134 875 199 923 ferre
213 875 283 922 iuvat
295 875 382 922 subter
394 875 475 922 densa
488 875 615 922 testudine
628 890 710 922 casus.

134 978 181 1010 nec
201 963 253 1009 iarn
271 963 410 1011 sufiiciunt.
439 978 499 1010 narn
519 978 569 1025 qua
587 963 681 1024 globus
694 963 812 1013 imminet
824 964 863 1011 in·

434 1066 506 1113 gens,

134 1141 265 1187 inmanem
278 1139 370 1187 Teucri
384 1141 480 1188 molem
494 1141 649 1202 volvuntque
662 1148 799 1201 ruentque,

64 1235 113 1278 515
136 1243 201 1291 quae
215 1228 303 1276 stravit
314 1228 424 1276 Rutulos
438 1230 490 1277 late
503 1244 685 1292 armorumque
698 1228 803 1277 resolvit

134 1317 256 1378 tegmina.
285 1331 332 1364 nec
345 1324 436 1365 curant
449 1331 526 1365 caeco
540 1318 695 1366 contendere
708 1318 790 1366 Marte

134 1406 244 1468 amplius
258 1405 368 1452 audaces
382 1404 479 1463 Rutuli,
496 1406 539 1453 sed
553 1407 649 1467 pellere
662 1407 731 1454 vallo

134 1493 272 1541 missilibus
287 1499 393 1540 certant.

134 1590 206 1643 parte
220 1582 273 1628 alia
286 1580 428 1627 horrendus
441 1580 496 1626 visu
510 1579 648 1641 quassabat
661 1581 795 1629 Etruscam

64 1676 113 1718 520
134 1670 223 1730 pinum
236 1675 262 1716 et
274 1667 405 1714 fumiferos
418 1668 496 1714 infert
507 1668 647 1715 Mezentius
661 1668 727 1729 ignis
738 1685 744 1726 ;

134 1764 160 1804 at
172 1757 304 1817 Messapus
319 1770 392 1802 ecum
405 1755 525 1813 domitor,
541 1755 670 1817 Neptunia
682 1756 776 1818 proles,

133 1843 256 1892 rescindit
268 1844 365 1890 vallum
378 1850 403 1890 et
415 1843 498 1890 scalas
511 1843 537 1890 in
551 1844 654 1891 moenia
666 1844 757 1906 poscit.

168 1933 230 1992 Vos,
247 1949 262 1980 o
277 1930 406 1993 Calliope,
422 1945 521 1993 precor,
537 1932 666 1994 adspirate
680 1933 781 1981 canenti

132 2037 195 2085 quas
209 2022 244 2068 ibi
258 2027 312 2068 tum
326 2020 393 2068 ferro
407 2027 514 2082 strages,
530 2035 597 2082 quae
610 2019 700 2069 lunera
712 2021 815 2069 Turnus

61 2117 111 2159 525
132 2111 248 2169 ediderit,
265 2125 342 2172 quem
355 2110 464 2171 quisque
476 2109 703 2157 virum‘demiserit
716 2108 794 2168 Orco,

131 2206 156 2247 et
168 2214 269 2247 mecum
281 2198 392 2260 ingentis
406 2212 464 2246 oras
478 2198 585 2247 evolvite
597 2198 668 2246 belli.

166 2288 255 2334 Turris
269 2294 323 2335 erat
335 2293 406 2334 vasto
420 2294 540 2349 suspectu
553 2294 577 2334 et
590 2287 711 2348 pontibus
725 2287 792 2344 altis,

131 2382 276 2437 opportuna
289 2376 363 2422 loco:
385 2375 490 2422 summis
505 2389 582 2436 quam
595 2374 690 2421 viribus
704 2389 793 2422 omnes

131 2478 278 2525 expugnare
291 2462 349 2510 Itali
363 2477 513 2523 summaque
527 2469 638 2510 evertere
652 2477 731 2524 opum
745 2463 768 2508 vi

60 2557 110 2599 530
131 2551 271 2609 certabant,
287 2551 367 2597 Troes
381 2559 470 2597 contra
484 2550 620 2598 defendere
633 2550 704 2597 saxis

124 2653 223 2698 perque
236 2654 312 2686 carras
326 2639 400 2688 densi
414 2641 471 2690 tela
482 2640 643 2703 intorquere
654 2637 804 2683 ienestrss.

101 2718 222 2772 Vergilius.
691 2714 737 2759 ῃ
