1808 2956
300 177 448 217 Autumnus
471 178 558 217 menn
577 179 615 218 εἰ.
796 170 855 218 289

128 334 275 382 auricomos
289 349 367 395 quem
380 334 424 396 qui
438 334 594 396 decerpserit
606 335 697 384 arbore
710 335 784 382 setus.

128 422 179 470 hoc
192 421 241 469 sibi
255 421 364 484 pulchra
376 437 451 470 suom
465 422 524 471 serni
536 423 693 485 Proserpina
706 437 798 471 munus

127 510 248 558 instituit.
276 510 359 572 primo
373 511 462 558 evolso
476 525 528 558 non
542 511 628 559 delicit
641 511 705 559 slter

129 613 221 646 aureus
235 605 260 646 et
272 598 351 646 simili
363 598 503 646 frondescit
515 599 587 660 virga
599 600 714 647 metello.

55 693 106 735 145
129 701 191 748 ergo
205 687 256 734 alte
269 687 366 748 vestiga
380 686 462 734 oculis
476 695 500 735 et
513 687 560 735 rite
574 696 702 749 repertum

129 789 205 838 carpe
228 789 321 822 manu:
354 790 465 837 namque
484 776 538 838 ipse
558 776 646 824 volens
666 775 801 838 facilisque
819 792 858 825 se-

430 871 531 925 quetur,

128 952 149 999 si
163 961 187 1000 te
200 951 375 1010 fatevoeant3
396 951 471 999 aliter
484 967 537 999 non
550 953 646 1000 viribus
659 952 720 999 ullis

128 1041 228 1088 vincere
241 1055 289 1088 nee
302 1040 366 1087 duro
381 1040 476 1102 poteris
490 1041 635 1089 convellere
648 1040 725 1088 ferro.

129 1134 261 1190 praeterea
273 1129 340 1176 iacet
353 1129 501 1176 exanimum
514 1128 559 1176 tibi
574 1143 666 1190 eorpus
680 1108 756 1176 umiei

54 1223 107 1266 150
129 1215 192 1278 (heu
204 1216 300 1279 neseis)
314 1224 447 1279 totumque
459 1217 569 1264 incestat
581 1216 669 1265 funere
683 1217 801 1275 classem,

128 1306 189 1352 dum
203 1305 322 1352 consulta
335 1305 400 1367 petis
413 1312 554 1367 nostroque
566 1305 593 1351 in
607 1305 695 1353 limine
709 1307 814 1368 pendes.

128 1392 231 1441 sedibus
244 1393 313 1440 hunc
326 1393 393 1442 refer
406 1400 466 1441 ante
478 1394 530 1440 suis
543 1401 568 1441 et
582 1394 664 1441 conde
677 1393 823 1456 sepulchro.

129 1481 277 1543 duc-nigras
291 1482 401 1545 pecudes
412 1499 418 1540 ;
431 1497 470 1537 ¹ee
484 1482 568 1544 prima
580 1482 684 1544 piacula
697 1492 782 1529 sunto.

128 1570 165 1618 sie
178 1570 281 1618 demum
295 1571 367 1618 lucos
381 1569 467 1632 Stygis
481 1578 506 1618 et
518 1584 598 1631 regns
610 1570 680 1617 invin
693 1570 755 1616 vivis

55 1664 106 1707 155
128 1650 255 1720 aspicies?
281 1659 347 1706 dixit
358 1673 497 1721 pressoque
511 1657 640 1705 obmutuit
653 1671 705 1705 ore.

162 1747 264 1794 Aeneas
278 1753 376 1795 maesto
389 1747 487 1795 defixus
502 1747 602 1794 luminu
613 1745 684 1792 voltu

126 1834 279 1896 ingreditur,
295 1835 414 1896 linquens
428 1843 538 1894 antrum,
555 1848 697 1896 caecosque
710 1834 808 1881 volutat

127 1931 231 1971 eventus
244 1923 330 1971 animo
344 1937 439 1972 seeum.
468 1924 509 1971 eui
522 1923 587 1970 fidus
600 1921 713 1970 Achates

126 2012 148 2060 it
160 2026 245 2059 comes
259 2019 284 2060 et
296 2012 399 2075 paribus
414 2011 480 2059 curis
493 2011 601 2072 vestigia
613 2010 677 2071 figit.

55 2106 107 2150 160
127 2101 209 2148 multa
221 2100 287 2148 inter
300 2114 355 2148 sese
367 2099 438 2146 vario
452 2112 569 2146 sermone
583 2096 710 2153 serebant,

128 2203 204 2250 quem
222 2189 321 2236 socium
341 2187 487 2235 exanimem
511 2193 596 2244 vates,
619 2186 688 2248 quod
703 2199 795 2247 corpus
808 2184 856 2232 hu·

428 2275 552 2322 mendum
719 2323 720 2328 ,

128 2365 231 2413 diceret.
259 2374 336 2426 atque
348 2365 387 2412 illi
400 2364 528 2412 Misenum
541 2362 568 2408 in
582 2361 656 2409 litore
669 2361 746 2417 sicco,

127 2461 156 2500 ut
168 2467 268 2512 venere,
283 2453 371 2501 vident
383 2453 492 2513 indigna
504 2458 586 2497 morte
600 2457 769 2511 peremptum,

127 2542 255 2590 Misenum
267 2541 405 2598 Aeoliden,
422 2554 473 2603 quo
487 2553 541 2586 nou
552 2537 727 2601 urdestundm
739 2537 808 2582 ulmi

53 2633 104 2674 165
121 2642 181 2674 uere
194 2629 261 2678 ciere
276 2630 344 2679 viros
357 2631 530 2696 Martemque
545 2628 699 2678 aseendente
713 2627 809 2669 eumn.

96 2705 220 2760 Vevgmus,
689 2705 735 2752 νδ
