1808 2956
75 178 135 225 216
314 187 340 225 Ρ.
357 185 478 224 VERGILI
499 184 630 224 MARONIS

74 348 125 391 640
144 343 263 406 rumpite.

143 447 205 480 nam
219 431 302 494 qualis
317 437 479 493 quantusque
494 443 556 477 cavo
569 428 744 491 Polyphemus
758 430 785 476 in
799 440 876 479 antro

144 521 274 582 lanigeras
288 519 386 568 claudit
398 519 510 581 pecudes
524 524 601 581 atque
614 518 694 565 ubera
706 527 814 580 pressat,

144 616 248 657 centum
260 609 305 656 alii
319 622 396 656 curva
408 607 473 654 haec
485 606 602 653 habitant
616 607 648 653 ad
663 607 739 653 litora
752 607 832 668 volgo

143 697 243 745 infandi
258 695 385 759 Cyclopes
398 703 424 744 et
436 695 494 742 altis
508 694 638 741 montibus
652 703 746 742 emant.

73 790 123 833 645
144 786 219 835 tertia
231 786 283 833 iam
296 786 373 833 lunae
386 799 413 832 se
426 798 524 832 cornua
537 783 634 830 lumine
649 784 780 846 conplent,

143 889 202 923 cum
215 875 293 923 vitam
306 874 333 921 in
347 873 417 921 siliis
431 872 497 919 inter
511 872 611 921 deserta
624 871 737 919 ferarum

142 964 224 1011 lustra
237 963 379 1024 domosque
393 961 467 1008 traho
475 967 611 1022 vastosque
625 960 657 1007 ab
671 975 734 1022 rupe
743 959 873 1024 Cyclopas

142 1051 275 1113 prospicio
312 1051 477 1111 sonitumque
514 1049 610 1111 pedum
645 1063 785 1111 vocemque
824 1058 873 1099 trc-

443 1151 538 1186 mesco.

141 1227 236 1275 victum
249 1226 389 1286 infelicem,
405 1227 483 1274 bacas
496 1225 667 1288 lapidosaque
682 1240 769 1284 corna,

71 1319 121 1363 650
142 1315 205 1363 dant
217 1315 282 1363 rami
295 1322 321 1363 et
332 1316 410 1364 volsis
424 1322 533 1379 pascunt
546 1315 676 1363 radicibus
690 1314 793 1363 herbae.

142 1403 231 1451 omnia
244 1404 406 1451 conlustrans
419 1403 487 1451 hane
500 1403 612 1465 primum
625 1404 657 1450 ad
672 1403 749 1451 litora
762 1404 872 1452 classem

141 1491 265 1554 conspexi
272 1491 430 1551 venientem3
445 1491 506 1539 huic
518 1507 568 1550 me,
584 1506 762 1554 quaecumque
769 1492 868 1552 fuisset,

141 1579 246 1627 addixi:
268 1580 329 1628 satis
343 1587 381 1628 est
392 1587 495 1642 gentem
509 1580 629 1641 effugisse
642 1580 790 1628 nefandam.

140 1682 184 1716 vos
208 1668 322 1717 animam
346 1670 414 1717 hanc
443 1669 529 1731 potius
554 1684 717 1732 quocumque
743 1669 871 1718 absumite

442 1749 513 1806 leto.³

71 1848 121 1892 655
176 1845 228 1892 Vix
242 1860 273 1894 ea
285 1845 353 1893 latus
367 1854 429 1904 erat,
445 1860 546 1893 summo
560 1861 619 1894 cum
632 1853 719 1894 monte
733 1847 849 1894 videmus

141 1933 226 1996 ipsum
239 1934 306 1982 inter
318 1935 429 1996 pecudes
442 1942 514 1982 vasta
527 1949 554 1982 se
567 1935 635 1983 mole
648 1943 794 1982 moventem

141 2029 272 2085 pastorem
285 2022 472 2085 Polyphemum
485 2031 510 2071 et
522 2023 600 2070 litora
612 2030 674 2071 nota
687 2031 825 2085 petentem,

141 2111 459 2170 monstrnmhorrendum,
474 2111 594 2170 informe,
609 2111 710 2172 ingens,
727 2113 767 2160 cui
781 2113 870 2161 lumen

442 2200 598 2263 ademptum.

139 2295 231 2336 trunca
242 2303 320 2336 manu
335 2289 410 2352 pinos
424 2289 491 2350 regit
503 2297 528 2337 et
540 2289 648 2350 vestigia
660 2289 759 2337 firmat:

68 2381 119 2424 660
140 2376 271 2438 lanigerae
285 2378 440 2425 comitantur
453 2391 527 2437 oves3
549 2392 579 2425 ea
592 2378 649 2425 sola
661 2379 779 2441 voluptas

139 2465 307 2527 solamenque
321 2465 391 2513 mali.

130 2560 275 2614 postquem
288 2554 355 2602 altos
370 2553 453 2616 tetigit
466 2555 557 2602 fluctus
571 2563 596 2603 ct
609 2556 640 2603 ad
655 2569 772 2617 aequora
784 2556 863 2615 venit⁷

113 2637 230 2690 luminis
245 2643 337 2694 effossi
349 2645 466 2695 fluidum
480 2645 546 2695 lavit
557 2645 622 2694 inde
636 2657 768 2698 eruorem„
