1808 2956
60 185 118 234 tot
414 190 500 231 ornis.

127 348 264 397 horribiles
278 347 375 396 circum
388 347 451 394 vidit
463 361 490 395 se
502 347 592 396 sistere
604 346 702 395 formas

74 443 107 486 80
127 437 239 500 piscibus
253 442 278 484 et
290 436 449 497 canibusque
462 436 537 483 malis
550 435 649 484 vallata
661 443 793 500 repentest
831 431 833 435 ’

127 526 190 588 (heu
203 525 322 586 quotiens
335 523 427 572 mirata
440 537 520 570 novos
533 522 660 585 expalluit
674 525 761 575 artus!

126 614 183 676 ipsa
196 627 256 660 suos
269 613 388 675 quotiens
401 612 451 659 heu
464 611 595 674 pertimuit
607 612 717 660 latratus
725 613 756 675 1),

127 717 190 751 ausa
202 702 272 763 quod
286 708 324 749 est
336 700 430 747 mulier
441 712 537 747 numen
550 698 670 748 fraudare
684 701 793 749 deorum

127 799 152 838 et
165 791 259 837 dictam
272 788 367 836 Veneri
381 796 498 834 votorum
512 793 625 836 avertere
638 801 749 851 poeunru
762 805 768 848 ;

75 885 107 928 85
128 894 220 941 quarn,
242 877 312 925 male
330 875 467 938 multiplici
486 875 608 923 iuvenum
627 876 698 938 quod
713 884 803 940 saepto
815 891 852 924 ea·

427 970 498 1012 terve

127 1054 191 1101 vixit
203 1060 308 1114 eratque
321 1052 408 1099 animo
421 1052 541 1100 meretrix
553 1052 649 1100 iactata
662 1051 785 1110 serarum,

127 1141 249 1190 infamem
263 1141 308 1188 tali
321 1141 412 1188 merito
426 1155 528 1188 rumore
541 1140 619 1188 fuisse

127 1213 386 1290 doctc··'Palaephatia
398 1236 504 1276 testatur
517 1243 579 1276 voce
592 1243 720 1291 papyrus:

127 1316 252 1380 quidquid
267 1324 292 1364 et
304 1323 333 1364 ut
346 1317 455 1378 quisque
468 1324 505 1364 est
518 1317 562 1364 tuli
577 1317 608 1365 de
622 1317 696 1365 clade
710 1317 820 1374 locutus,

75 1411 108 1454 90
127 1405 304 1466 Mnemosyne,
320 1405 404 1466 potius
418 1405 496 1453 liceat
508 1412 640 1453 notescere
655 1405 721 1454 cirin

126 1500 204 1555 atque
217 1507 295 1541 unam
309 1508 341 1541 ex
354 1493 441 1540 multis
456 1492 569 1555 Scyllum
582 1507 634 1541 non
648 1508 705 1542 esse
718 1494 821 1557 puellis.

127 1597 206 1646 quare
220 1596 285 1644 (puae
299 1589 389 1629 cantus
402 1581 535 1629 meditanti
549 1582 649 1631 mittere
662 1583 746 1631 laetos

126 1685 221 1732 magna
234 1670 297 1718 mihi
312 1671 406 1732 cupido
420 1670 545 1717 tribuistis
558 1670 683 1732 proemia,
699 1671 775 1719 divae

126 1759 249 1817 Pierides,
266 1773 375 1821 quarum
388 1765 472 1807 castos
486 1759 599 1821 culparia
612 1765 699 1820 postes

75 1852 106 1896 95
127 1861 232 1894 munere
245 1861 321 1910 saepe
334 1862 392 1895 meo
406 1847 525 1895 inficiunt
537 1845 688 1908 foribusque
700 1847 835 1910 hyacinthi

127 1936 273 1996 dependent
284 1936 359 1984 flores
373 1943 417 1983 aut
430 1949 507 1983 suave
520 1934 614 1982 rubeus
628 1935 759 1983 narcissus

127 2031 171 2071 aut
183 2038 272 2071 crocus
286 2025 386 2072 alterno
400 2023 559 2084 coniungens
573 2022 629 2070 lilia
642 2023 730 2071 caltha

127 2127 267 2175 sparsaque
280 2112 411 2160 liminibus
424 2112 498 2159 floret
509 2125 577 2169 rosa,
592 2123 661 2158 nune
674 2125 733 2172 age,
750 2112 834 2171 dirue,

127 2200 263 2263 praecipue
276 2208 365 2248 nostro
379 2214 447 2247 nune
462 2199 590 2260 adspirate
603 2198 686 2246 labori

59 2294 107 2337 100
128 2298 205 2351 atque
217 2304 312 2337 novum
325 2296 430 2336 aeterno
443 2287 584 2350 praetexite
597 2287 697 2336 honore
710 2290 841 2339 volumen.

163 2375 229 2425 Sunt
241 2378 393 2425 Pandioniis
406 2376 506 2424 vicinae
519 2376 623 2424 sedibus
637 2375 714 2426 urbes

126 2466 238 2514 Actaeos
252 2467 319 2514 inter
332 2467 412 2514 colles
426 2473 451 2512 et
463 2465 575 2513 eandida
588 2464 680 2512 Thesei

120 2555 260 2620 purpureis
274 2555 325 2605 late
339 2554 450 2603 ridentia
463 2554 539 2602 litora
552 2552 666 2610 conchis,

109 2662 227 2714 quatum
242 2665 296 2702 nou
312 2649 361 2702 ulli
377 2648 452 2701 lama
464 2643 612 2699 concedere
624 2641 707 2704 digna
