1808 2956
367 178 555 217 CATALECTA.

77 345 107 385 10
128 337 259 398 vitamque
273 335 304 382 ab
319 335 389 382 omni
403 334 589 382 vindicabimus
603 349 672 382 eura.

128 426 163 472 ite
177 423 246 482 hino,
263 438 393 480 camenae,
409 438 453 470 vos
467 438 570 485 quoque
583 423 618 471 ite
630 423 691 481 iam,
707 438 769 472 sane

128 514 217 561 dulces
231 527 353 560 camenae
366 511 439 574 (nam
452 511 589 558 fatebimur
602 527 697 570 verum,

129 603 218 649 dulces
232 600 343 663 fuistis),
364 607 487 648 ettamen
500 615 570 648 meas
584 600 686 648 chartas

128 689 266 747 revisitote,
283 691 326 736 sed
340 689 466 751 pudenter
478 697 504 736 et
516 704 582 735 raro.

422 778 494 824 VlIl.

129 864 241 914 Sabinus
254 867 300 915 ille
313 882 390 929 quem
403 866 502 925 videtis,
518 866 641 928 hospites,

129 955 165 1002 ait
177 953 255 1003 fuisse
267 956 348 1003 mulio
362 956 509 1004 celerrimus

129 1058 212 1105 neque
226 1044 302 1091 ullius
315 1045 425 1092 volantis
439 1045 554 1105 inpetum
568 1043 613 1091 cisi

129 1132 248 1194 nequisse
261 1134 407 1195 praeterire,
423 1133 474 1180 sive
488 1133 622 1181 Mantuam

94 1226 108 1268 5
129 1236 193 1283 opus
208 1222 273 1269 foret
285 1224 371 1270 volare
384 1223 436 1269 sire
450 1221 574 1268 Brixiam.

128 1317 153 1357 et
165 1309 215 1357 hoe
229 1318 306 1371 negat
318 1310 464 1373 Tryphonis
479 1310 573 1358 aemuli
587 1311 693 1358 domum

128 1412 223 1458 negare
236 1399 349 1447 nobilem
362 1401 505 1447 insulamve
520 1398 633 1458 Caeruli,

128 1485 171 1532 ubi
185 1486 232 1532 iste
245 1496 303 1548 post
316 1486 427 1535 Sabinus
441 1496 499 1536 ante
514 1487 635 1547 Quinctio

128 1572 231 1619 bidente
245 1574 307 1621 dicit
319 1583 446 1625 attotonse
460 1578 546 1626 forfice

76 1666 108 1709 10
129 1666 230 1706 comata
243 1661 320 1719 colla,
336 1666 437 1725 nequod
452 1665 584 1713 horridum
598 1667 659 1727 iugo

128 1755 259 1810 premente
272 1749 336 1796 dura
349 1751 440 1799 vulnus
454 1754 539 1802 ederet
552 1755 621 1802 iuba.

128 1837 257 1884 Cremona
270 1837 364 1898 frigida
377 1847 402 1885 et
415 1840 498 1888 lutosa
512 1840 606 1901 Gallia,

127 1926 172 1973 tibi
187 1927 251 1974 llaec
264 1926 342 1974 fuisse
355 1936 380 1974 et
393 1943 448 1975 esse
461 1931 637 1990 cognitissima

127 2016 163 2062 ait
175 2015 301 2064 Sabinus:
323 2016 414 2063 ultima
427 2031 459 2064 ex
473 2018 571 2078 origine

77 2109 106 2152 15
128 2111 171 2152 tua
184 2106 284 2153 stetisse
298 2104 360 2152 dicit
373 2105 399 2152 in
413 2106 544 2166 voragine,

126 2199 171 2239 tua
183 2194 209 2239 in
223 2194 318 2257 palude
332 2193 463 2256 deposisse
476 2194 599 2252 sarcinas,

126 2287 151 2328 et
164 2280 223 2329 inde
237 2289 275 2330 tot
288 2298 334 2345 per
346 2283 462 2330 orliitosa
475 2283 547 2331 milia

126 2368 214 2429 iugum
228 2372 326 2431 tulisse,
342 2374 416 2420 laeva
428 2372 480 2420 sive
494 2373 599 2420 dextera

125 2458 233 2518 strigare
246 2462 317 2508 mula
330 2461 382 2509 sive
396 2462 523 2524 utrimque
538 2469 657 2524 coeperat

72 2552 105 2593 20
127 2580 604 2598 ...........

122 2649 206 2696 neque
220 2637 272 2684 ulla
286 2645 344 2686 vota
358 2640 527 2692 semitalibus
541 2642 601 2693 deis
