1808 2956
273 139 442 181 enonotcou
461 141 548 183 Lmen
566 144 586 183 1.
788 136 824 183 53

48 303 77 345 30
97 303 167 345 terra
179 296 280 356 tremit;
296 296 384 359 lugere
396 297 467 346 ferae
480 305 506 346 et
517 299 638 351 mortalia
651 301 732 349 corda

96 398 144 446 per
155 390 246 445 gentes
258 384 364 433 humilis
376 386 466 434 stravit
478 402 572 449 pavor:
587 388 633 436 ille
646 389 768 450 flagranti

97 479 143 520 aut
154 472 245 519 Athon
258 481 302 520 ant
314 473 458 537 Rhodopen
472 481 516 523 aut
529 477 582 525 alta
596 475 726 525 Ceraunia
738 479 791 526 telo

97 560 191 620 deicit3
205 561 368 622 ingeminant
381 563 459 610 austri
473 572 499 612 et
511 564 678 612 densissimus
691 566 782 624 imber,

97 663 167 698 nunc
180 663 287 697 nemora
299 650 398 712 ingenti
409 658 495 710 vento,
514 666 583 700 nunc
596 651 674 700 litora
686 653 824 715 plangunt.

47 743 75 786 35
97 737 149 786 hoc
161 745 278 786 metuens
291 739 357 787 caeli
370 753 470 791 meuses
484 746 509 787 et
522 740 607 787 sidere
620 754 701 800 serva,

98 825 196 887 frigida
208 824 313 874 Saturni
326 841 382 877 sese
395 842 447 890 quo
461 828 538 876 stella
550 835 671 891 receptet,

97 928 163 977 quos
175 914 244 975 ignis
258 915 331 962 caclo
345 914 479 978 Cyllenius
493 923 559 964 erret
571 916 598 963 in
612 917 689 965 orbis.

97 1003 125 1050 in
138 1002 227 1065 primis
240 1016 361 1051 venerare
374 1003 436 1052 deos
450 1012 527 1067 atque
540 1020 628 1053 annua
640 1020 752 1067 maguae

96 1105 173 1139 saera
184 1089 251 1138 refer
264 1089 351 1140 Cereri
365 1092 438 1141 laetis
452 1100 572 1156 operatus
586 1094 613 1140 in
626 1093 713 1142 herbis

48 1186 76 1229 to
97 1186 227 1228 extremae
240 1178 287 1227 sub
301 1195 389 1228 casum
402 1181 502 1241 hiemis,
518 1182 570 1230 iarn
583 1196 640 1230 vere
653 1196 752 1230 sereno.

96 1276 152 1316 tum
165 1268 274 1330 pingues
288 1269 348 1330 agni
362 1277 388 1318 et
400 1276 454 1318 turn
467 1271 621 1319 mollissima
633 1270 702 1330 vina,

96 1363 153 1404 tum
165 1357 249 1404 somni
264 1357 352 1408 dulces
366 1359 511 1421 densaeque
523 1359 551 1407 in
563 1359 694 1406 montibus
707 1358 823 1407 umbrae.

96 1452 192 1494 cuneta
205 1445 251 1493 tibi
265 1444 384 1494 Cererem
398 1446 478 1509 pubes
492 1448 599 1508 agrestis
613 1449 716 1495 adoret:

96 1534 139 1582 cui
153 1540 181 1580 tu
195 1534 262 1582 laete
275 1533 346 1582 favos
360 1540 385 1582 ct
396 1535 452 1582 miti
466 1535 536 1583 dilue
547 1535 662 1595 Baccho,

48 1628 76 1670 45
97 1630 188 1684 terque
201 1636 280 1670 novas
293 1623 389 1671 circum
402 1623 464 1671 felix
478 1630 519 1671 eat
531 1624 616 1672 hostia
628 1623 723 1685 fruges,

97 1713 182 1762 omnis
197 1726 274 1775 quam
288 1711 380 1760 chorus
394 1719 420 1760 ct
431 1712 494 1760 socii
509 1712 661 1760 comitentur
675 1718 789 1770 ovantes,

96 1808 122 1850 et
135 1799 256 1850 Cererem
269 1801 383 1849 clamore
395 1807 487 1849 vocent
498 1801 525 1847 in
539 1806 620 1859 tecta;
634 1814 718 1862 neque
731 1806 790 1848 ante

97 1890 192 1939 falcem
205 1889 312 1937 maturis
325 1889 463 1952 quisquam
476 1895 606 1951 supponat
618 1887 702 1936 aristis

95 1993 175 2041 quam
189 1976 276 2026 Cereri
289 1984 358 2026 torta
369 1978 502 2027 redimitus
515 1984 633 2039 tempora
645 1992 741 2039 quercu

48 2071 74 2114 30
95 2066 140 2115 det
152 2073 239 2114 motus
252 2066 429 2128 inconpositos
443 2073 468 2114 et
481 2065 596 2114 carmina
609 2065 687 2113 dicat.

130 2155 219 2216 Atque
232 2154 297 2202 haec
309 2160 338 2202 ut
351 2154 426 2203 certis
440 2168 573 2216 possemus
587 2154 684 2201 discere
697 2152 786 2214 signis,

96 2249 238 2305 aestusque
251 2242 403 2306 pluviasque
416 2249 441 2291 et
454 2243 554 2304 agentis
567 2241 666 2303 frigora
677 2248 775 2300 ventos,

94 2332 151 2394 ipse
165 2337 239 2395 pater
252 2331 341 2379 statuit
352 2331 414 2393 quid
428 2337 560 2378 menstrua
572 2331 634 2378 luna
647 2335 771 2388 moneret,

95 2435 148 2483 quo
162 2420 239 2481 signo
253 2420 374 2468 caderent
387 2419 475 2477 austri,
490 2419 553 2481 qnid
567 2433 643 2480 saepo
655 2419 769 2466 videntes

47 2513 73 2557 55
93 2509 228 2571 agricolae
242 2508 350 2572 propius
363 2507 472 2555 stabulis
486 2513 603 2555 armenta
615 2513 739 2554 tenerent.

93 2597 220 2649 continuo
233 2597 315 2646 ventis
328 2595 492 2660 surgentibus
506 2600 550 2643 aut
563 2594 628 2642 freta
641 2594 719 2659 ponti
747 2608 750 2613 ·
779 2620 781 2624 ·
