1808 2956
68 183 132 229 410
310 191 335 229 1³.
353 189 475 228 vunnim
495 187 630 228 MARONIS

141 361 265 408 excepere
279 361 373 405 aurae3
393 346 486 392 volnus
500 343 625 393 Saturnia
638 345 706 394 luno

142 435 249 483 detorsit
261 434 365 482 veniens
379 441 520 496 portaeque
533 433 651 495 infigitur
665 434 752 483 besto.

139 513 176 570 ‘at
189 539 241 571 non
256 523 306 571 hoc
319 523 409 581 telum,
424 537 483 570 men
496 522 566 584 quod
580 522 603 569 vi
618 523 728 571 dextera
741 532 836 582 verset,

69 615 122 661 745
143 611 263 673 effugies:
286 625 369 673 neque
383 611 452 659 enim
465 610 486 657 is
500 610 544 658 teli
558 625 607 659 nec
619 611 736 660 volneris
752 605 863 662 auctor?

143 701 179 749 sic
193 700 229 747 ait
242 708 267 748 et
279 699 410 747 sublatum
423 699 474 746 alte
488 699 622 760 consurgit
633 699 661 746 in
675 714 766 748 ensem

144 796 169 837 et
181 789 294 836 medinm
307 788 374 836 ferro
387 787 492 848 gemina
505 787 572 835 inter
585 796 704 850 tempora
717 789 833 838 frontem

143 878 233 926 dividit
246 876 406 940 inpubesque
419 875 519 924 inmani
532 877 637 925 volnere
650 877 746 925 malas.

143 966 171 1013 fit
184 981 271 1024 sonus,
287 964 385 1026 ingenti
399 979 526 1012 concussa
538 971 578 1012 est
590 965 706 1027 pondere
719 968 810 1026 tellus,

71 1058 124 1104 750
144 1055 282 1117 conlapsos
296 1061 365 1100 artus
379 1060 457 1115 utque
471 1068 542 1101 arma
556 1061 662 1102 cruenta
675 1055 786 1103 cerebro

144 1143 234 1191 sternit
246 1141 317 1188 humi
331 1141 444 1189 moriens
458 1149 536 1204 atque
549 1144 588 1191 illi
601 1143 719 1206 portibus
733 1145 827 1207 necquis

144 1231 195 1278 hnc
208 1239 286 1292 caput
299 1237 375 1291 atque
388 1230 451 1279 illuc
465 1246 553 1279 umero
567 1247 600 1280 ex
612 1238 723 1293 utroque
743 1234 876 1296 pependit.

145 1318 284 1380 diffugiunt
296 1318 361 1366 versi
375 1319 476 1381 trepida
488 1320 626 1368 formidine
640 1320 731 1368 Troes.

145 1415 178 1466 et,
194 1408 215 1455 si
229 1407 352 1455 continuo
365 1407 488 1455 victorem
501 1422 532 1455 en
545 1423 607 1456 cura
620 1408 740 1468 subisset,

73 1501 125 1547 755
144 1510 262 1559 rumpere
276 1496 388 1543 claustra
400 1508 479 1543 manu
493 1497 630 1559 sociosque
643 1496 776 1548 inmittere
787 1501 878 1563 portis,

145 1586 250 1633 ultimus
264 1585 308 1633 ille
322 1584 376 1632 dies
390 1584 459 1633 bello
472 1585 594 1648 gentique
607 1585 706 1633 fuisset.

145 1676 189 1723 sed
203 1675 274 1722 furor
288 1674 420 1722 ardentem
434 1674 572 1737 caedisque
585 1674 678 1722 insana
691 1676 790 1738 cupido

146 1764 199 1825 egit
211 1764 237 1811 in
252 1765 380 1812 adversos.

146 1851 273 1914 principio
287 1851 418 1899 Phalerim
432 1859 457 1899 ct
470 1851 570 1899 succiso
584 1850 683 1913 poplite
697 1848 792 1913 Gygen

75 1945 126 1990 760
146 1940 256 2002 excipit:
278 1940 338 1988 hinc
352 1949 437 2003 raptus
450 1939 609 2002 fugientibus
622 1939 718 2000 ingerit
730 1941 822 1990 hastas

146 2029 173 2076 in
186 2036 303 2091 tergum3
323 2029 389 2076 luno
402 2029 467 2077 vires
482 2029 648 2090 animumque
662 2028 802 2079 ministrat.

147 2117 219 2165 addit
232 2117 325 2179 Halym
339 2119 458 2166 comitem
471 2123 497 2165 et
509 2117 612 2164 confixo
624 2115 730 2178 Phegea
742 2133 854 2180 parma;

146 2207 252 2268 ignaros
266 2206 359 2255 deinde
371 2207 398 2254 in
412 2207 491 2254 muris
505 2206 666 2267 Martemque
680 2205 778 2253 cientes

146 2296 359 2358 Alcandrumque
372 2295 530 2357 Haliumque
539 2293 725 2356 Noemonaque
733 2294 882 2357 Prytanim-

449 2398 508 2446 que.

77 2479 127 2525 765
147 2473 252 2536 Lyncea
264 2473 412 2522 tendentem
426 2480 515 2521 contra
528 2471 665 2533 sociosque
678 2479 818 2522 vocantem

146 2563 257 2612 vibranti
270 2562 359 2625 gladio
373 2562 482 2610 conixus
496 2561 527 2607 nb
542 2575 636 2621 aggere
649 2561 740 2608 dexter

136 2663 268 2724 occupem
291 2654 354 2706 lruic
368 2665 422 2704 uno
438 2651 573 2702 deiectum
584 2647 800 2696 comminus'xctu
