1808 2956
407 266 494 307 emm.
788 260 846 307 567

126 436 348 484 marmoreamque
361 423 448 472 Paron
467 425 625 488 viridemque
646 425 754 488 adlapsa
764 425 853 490 Dony-

426 527 482 561 sam

126 598 306 661 Aeginamque
320 600 395 647 simul
409 600 651 665 sementiferamque
664 600 810 665 Seriphum.

126 687 205 734 fertur
219 694 244 735 et
256 687 359 736 incertis
372 688 482 737 iactatur
495 691 527 738 ad
542 691 630 737 omnia
642 691 732 749 ventis,

126 776 220 824 cumba
232 775 300 823 velut
313 790 421 838 magnas
434 777 549 840 sequitur
567 794 625 826 cum
638 780 746 842 parvula
758 779 853 829 classes

55 868 106 911 480
126 864 189 911 Afer
202 871 227 912 et
240 863 347 911 hiberno
361 864 501 914 bacchatur
514 867 540 913 in
554 882 666 930 aequore
680 867 764 927 turbo,

127 953 209 1001 donec
222 954 273 1001 tale
287 953 364 1000 decus
378 953 476 1002 formae
489 956 605 1004 vexarier
617 957 686 1005 ultra

126 1056 178 1088 non
191 1041 251 1089 tulit
263 1048 288 1089 et
300 1042 407 1090 miseros
421 1044 527 1090 mutavit
539 1044 645 1106 virginis
659 1051 728 1093 artus

126 1130 245 1178 caeruleo
258 1130 360 1192 pollens
375 1132 488 1179 coniunx
500 1131 631 1194 Neptunia
642 1146 732 1194 regno.
802 1150 807 1157 ·

126 1219 169 1266 sed
184 1226 269 1267 tamen
283 1219 405 1267 eximiam
418 1220 532 1282 squamis
545 1221 636 1268 vestire
650 1220 765 1282 puellam

56 1310 106 1353 485
126 1307 272 1370 infidosque
285 1309 352 1357 inter
364 1315 478 1357 teneram
491 1309 650 1357 committere
664 1309 746 1370 pisces

126 1410 178 1443 non
198 1398 288 1444 statuit
306 1396 426 1461 (nimium
446 1405 483 1446 est
501 1398 604 1446 avidum
622 1412 699 1460 pecus
713 1397 854 1461 Amphitri-

428 1486 477 1549 tes)
488 1503 494 1546 3

127 1574 203 1621 aeriis
216 1575 301 1636 potius
316 1574 453 1623 sublimem
466 1575 570 1623 sustulit
582 1576 639 1634 alis,

126 1667 193 1707 esset
204 1668 233 1708 ut
245 1662 271 1708 in
285 1663 358 1709 terris
372 1661 432 1710 sacti
446 1663 478 1710 de
491 1664 596 1711 nomine
609 1663 678 1721 ciris,

127 1748 185 1795 ciris
198 1748 339 1810 Amyclaeo
353 1749 491 1796 formosior
504 1764 595 1797 ansere
607 1750 702 1799 Ledae.

55 1841 106 1882 490
126 1835 168 1883 hie
181 1836 250 1883 velut
263 1837 289 1882 in
303 1837 388 1895 niveo,
404 1844 492 1884 tenera
505 1844 543 1885 est
556 1853 614 1886 cum
627 1839 753 1901 primitus,
770 1853 818 1887 ovo

125 1923 222 1984 efligies
236 1925 374 1973 animantis
388 1931 413 1972 et
425 1925 572 1973 internodia
584 1927 704 1975 membris

125 2012 266 2076 inperfecta
280 2027 347 2059 novo
360 2012 462 2060 fluitant
474 2021 594 2062 concreta
607 2016 701 2074 calore,

124 2101 160 2149 sio
174 2100 273 2162 liquido
288 2099 390 2162 Scyllae
404 2102 586 2150 circumfusum
600 2118 711 2165 aequore
724 2119 817 2167 corpus

125 2189 236 2236 semiferi
250 2189 353 2237 incertis
366 2190 444 2237 etiam
457 2205 525 2238 nunc
538 2191 653 2253 partibus
668 2199 737 2239 artus

54 2282 104 2324 495
125 2279 239 2340 undique
252 2277 387 2325 mutabant
399 2285 476 2341 atque
489 2280 603 2341 undique
616 2280 789 2328 mutabantur.

125 2366 175 2412 oris
189 2365 272 2413 honos
285 2366 396 2429 primum
410 2374 435 2415 et
447 2367 533 2414 multis
548 2375 636 2430 optata
649 2367 746 2416 labella

125 2461 150 2501 et
163 2455 266 2516 patulae
279 2454 370 2502 frontis
384 2456 482 2517 speeies
496 2469 660 2504 concrescere
672 2456 699 2503 in
712 2472 792 2505 uuum

125 2556 233 2604 coepere
246 2549 271 2591 et
282 2543 373 2605 gracili
387 2553 502 2592 mentum
514 2545 656 2606 producere
669 2551 761 2592 rostro.

125 2636 187 2688 tum,
203 2646 255 2693 qua
268 2646 295 2679 se
307 2632 420 2680 medium
433 2632 524 2696 capitis
538 2631 675 2680 discrimen
689 2632 790 2694 agebat,

54 2724 104 2768 500
124 2734 183 2768 eece
196 2727 300 2783 repente
314 2721 383 2769 velut
395 2720 492 2784 patrios
506 2720 619 2768 imitatus
633 2720 745 2770 honores
