1808 2956
320 177 345 215 P.
363 177 483 215 veneral
504 176 634 215 MARONIS

152 340 230 381 etrus
244 333 269 380 in
284 340 371 381 tenera
384 333 469 395 pecori
483 332 643 394 gratissimus
657 333 745 381 herba.

152 422 211 470 inde
224 421 267 468 ubi
282 429 373 483 quarta
386 422 453 469 sitim
468 422 532 470 caeli
547 422 682 482 collegerit
694 422 760 471 hora

151 518 176 558 et
189 517 265 559 cautu
279 510 401 572 querulae
415 518 534 572 rumpent
547 510 651 558 arbusta
664 511 779 570 cicadae,

151 599 183 647 ad
197 606 287 662 puteos
301 606 345 644 aut
357 599 410 646 alta
422 613 513 660 greges
527 599 559 645 ad
573 606 666 660 stagna
678 598 767 647 iubeto

80 692 131 735 330
151 696 295 736 currentem
308 687 395 748 ilignis
408 695 497 750 potare
511 687 646 735 canalibus
659 689 772 745 undam3

151 776 261 826 aestibus
275 783 302 823 at
313 776 403 824 mediis
416 775 564 823 umbrosam
578 776 712 837 exquirere
725 777 829 833 vallem,

150 865 231 913 sicubi
245 879 341 926 magua
353 865 419 912 Iovis
434 865 539 926 antiquo
553 864 645 911 robore
661 879 771 925 quereus

151 954 261 1015 ingentis
275 954 363 1002 tendat
375 967 461 999 ramos
475 960 519 1000 aut
532 952 612 1000 sicubi
626 952 730 1014 nigrum

151 1042 253 1089 ilicibus
267 1042 361 1089 crebris
375 1056 449 1090 sacra
462 1056 551 1088 nemus
565 1040 673 1088 accubet
687 1043 794 1101 umbra3

80 1135 130 1177 335
151 1137 204 1177 tum
218 1131 301 1178 tenuis
315 1131 376 1178 dare
389 1145 475 1177 rursus
489 1145 578 1191 aquas,
594 1138 618 1176 et
632 1145 737 1192 pascere
751 1146 836 1179 rursus

150 1219 212 1266 solis
226 1219 257 1266 ad
272 1234 401 1278 oceasum,
418 1234 475 1267 cum
490 1219 597 1279 frigidus
611 1232 672 1266 aera
684 1234 774 1282 vesper

150 1315 275 1370 temperat
289 1315 313 1355 et
325 1309 407 1355 saltus
421 1308 502 1355 reiicit
514 1307 565 1356 iam
579 1307 681 1354 roscida
694 1308 758 1356 luna

151 1396 278 1458 litoraque
292 1396 427 1457 alcyonem
441 1404 570 1454 resonant,
587 1396 755 1444 acalanthida
768 1398 844 1445 dumi.

185 1483 254 1544 Quid
267 1485 313 1532 tibi
327 1492 442 1546 pastores
456 1483 561 1546 Libyae,
579 1485 639 1546 quid
654 1499 752 1546 pascue
764 1501 835 1534 versu

80 1580 131 1622 340
151 1587 292 1635 prosequar
305 1580 329 1620 et
343 1574 406 1621 raris
420 1573 536 1620 habitata
549 1573 661 1635 mapalia
675 1573 767 1621 tectis?

149 1677 225 1724 saepe
239 1663 306 1710 diem
320 1669 473 1723 noctemque
487 1668 605 1709 ettotam
618 1677 650 1709 ex
662 1662 754 1710 ordine
766 1673 869 1711 mensem

150 1752 262 1813 pascitur
275 1752 345 1813 itque
359 1766 436 1814 pecus
450 1752 529 1810 longa
543 1751 569 1796 in
583 1752 683 1798 deserta
694 1751 750 1798 sine
764 1752 825 1799 ullis

149 1840 281 1902 hospitiis:
302 1847 400 1889 tantum
415 1840 498 1902 campi
512 1840 586 1887 iacet.
615 1839 702 1886 omnia
715 1854 803 1888 seeum

149 1930 318 1977 armentarius
331 1928 395 1977 Aser
408 1929 469 1987 agit,
485 1936 632 1990 tectumque
645 1928 779 1990 laremque

79 2023 129 2066 345
149 2032 273 2081 armaque
287 2018 507 2080 Amyclaeumque
521 2032 610 2064 canem
625 2016 796 2079 Cressamque
815 2016 872 2080 pha·

449 2113 557 2163 retram3
825 2116 832 2120 ‘¹

149 2209 201 2243 non
215 2210 288 2244 secus
302 2210 332 2243 ac
346 2195 434 2258 patriis
448 2208 506 2241 acer
518 2193 650 2241 Romanus
664 2194 690 2240 iu
704 2195 783 2242 aruris

149 2285 244 2333 iniusto
260 2284 306 2333 sub
320 2283 388 2332 fasce
400 2284 468 2331 viam
483 2298 541 2330 cum
554 2283 636 2345 carpit
649 2291 674 2331 et
686 2283 753 2331 hosti

150 2381 208 2423 ante
222 2380 385 2437 expectatum
397 2372 487 2436 positis
501 2371 590 2418 stetin
604 2372 707 2432 agmine
721 2371 819 2420 castris.

184 2464 220 2511 At
233 2478 285 2510 non
300 2477 352 2525 qua
365 2461 484 2523 Scythiae
497 2468 586 2522 gentes
599 2460 765 2522 Maeotiaque
777 2461 856 2517 nuda,

78 2552 129 2598 ³50
149 2551 265 2599 turbidus
278 2558 437 2612 attorquens
450 2550 565 2598 flaventis
579 2548 665 2596 Hister
678 2550 798 2607 harenas,

149 2655 251 2702 quaque
265 2640 330 2688 redit
342 2639 454 2686 medium
462 2638 588 2700 Rhodope
600 2645 720 2700 porrecta
730 2637 778 2685 sub
791 2652 873 2687 axem.
