1808 2956
168 105 204 152 42
405 116 431 154 P.
449 115 570 155 VERGILI
590 115 720 155 Manorns

185 277 218 319 40
238 272 271 320 da
284 271 386 320 facilem
399 287 501 320 cursum
515 278 591 334 atque
605 271 746 320 audacibus
764 273 850 322 adnue
867 289 897 322 co

237 361 394 422 ignarosque
407 362 463 408 viae
476 375 577 409 meeurn
590 360 724 408 miseratus
738 362 846 422 agrestis

237 449 371 510 ingredere
385 455 409 496 et
422 449 486 496 votis
499 448 552 496 iarn
565 463 633 496 nunc
647 450 769 497 adsuesce
782 451 879 498 vocari.

272 537 339 585 Vere
352 552 428 595 novo,
443 537 544 599 gelidus
558 537 628 584 canis
643 552 701 584 curn
714 538 845 586 montibus
858 555 900 587 uin

237 626 345 688 liquitur
358 634 383 674 et
395 626 513 688 Zephyro
527 625 606 687 putris
620 640 647 672 se
660 625 753 685 glaeba
766 628 879 686 resolvit,

186 721 217 762 45
238 716 358 778 depresso
372 715 480 777 incipiat
492 715 543 762 iam
557 720 610 761 turn
624 713 687 760 nrihi
701 722 789 761 taurus
804 723 889 764 aratro

236 805 366 866 ingemere
380 810 405 850 et
417 803 489 850 sulco
504 802 603 849 attritus
617 803 794 865 splendescere
808 819 902 853 vomer.

237 893 284 940 illa
296 907 368 953 seges
382 893 485 939 demum
498 891 562 939 votis
576 891 713 953 respondet
726 894 796 940 avari

238 980 376 1042 agricolae,
393 979 430 1026 bis
445 994 510 1041 quae
523 981 613 1039 solem,
629 980 668 1027 bis
681 980 779 1042 frigora
791 982 886 1042 sensit3

239 1069 308 1117 illius
321 1068 454 1115 inmensae
467 1076 591 1129 ruperunt
603 1069 696 1117 horrea
710 1084 813 1117 messes.

186 1163 217 1205 50
238 1164 264 1205 at
276 1157 346 1220 prius
359 1158 477 1218 ignotum
491 1157 557 1205 ferro
570 1173 649 1219 quarn
662 1158 803 1205 scindimus
817 1173 901 1220 aequo

237 1252 326 1294 ventos
341 1253 365 1294 et
377 1246 476 1293 varium
490 1246 553 1294 caeli
568 1247 728 1308 praediscere
742 1261 841 1294 morem

238 1349 301 1383 cura
313 1335 346 1382 sit
359 1350 389 1383 ac
402 1335 499 1397 patrios
513 1335 648 1396 cultusque
661 1335 816 1397 habitusque
829 1335 903 1383 locor

238 1430 263 1472 et
271 1424 332 1486 quid
341 1422 530 1486 quaequeserat
536 1423 608 1483 regio
616 1430 641 1471 et
648 1424 709 1485 quid
723 1437 842 1485 quaeque
854 1438 897 1472 rec

238 1512 280 1561 hic
293 1521 400 1574 segetes,
416 1512 470 1559 illic
482 1511 588 1559 veniunt
600 1511 700 1559 felicius
714 1525 786 1569 uvae,

187 1607 218 1650 55
239 1601 339 1650 arborei
353 1602 417 1650 fetus
431 1599 502 1658 alibi,
519 1608 596 1662 atque
609 1599 707 1647 iniusso
719 1599 848 1648 virescunt

237 1691 364 1752 gramina.
398 1704 484 1738 nonne
496 1689 567 1736 vides
581 1703 684 1736 croceos
696 1695 726 1734 ut
739 1688 848 1736 Tmolus
863 1690 904 1736 od<

237 1779 313 1829 India
325 1779 403 1827 mittit
416 1779 486 1837 ebur,
502 1778 592 1824 molles
606 1791 653 1823 sua
665 1784 723 1823 tura
736 1774 838 1835 Sabaei,

238 1874 265 1916 at
278 1866 406 1929 Chalybes
420 1867 482 1914 nudi
496 1865 600 1923 ferrum,
616 1865 752 1927 virosaque
765 1865 864 1913 Pontus

237 1963 363 2014 castorea,
377 1955 499 2003 Eliadum
512 1954 613 2015 palmas
626 1953 718 2015 Epiros
732 1955 873 2014 equarum?

186 2051 218 2094 60
238 2046 361 2095 continuo
375 2045 421 2092 has
435 2044 504 2104 leges
518 2049 673 2103 aeternaque
687 2041 791 2088 foedera
804 2042 879 2089 cert-is

237 2135 352 2197 inposuit
363 2140 457 2181 natura
469 2132 541 2189 locis,
558 2145 608 2192 quo
623 2138 737 2192 tempore
750 2129 862 2191 primurn

237 2223 383 2272 Deucalion
396 2236 505 2270 vacnum
518 2220 618 2283 lapides
631 2218 736 2266 iae-tavit
748 2217 774 2265 in
788 2218 887 2277 orbern,

237 2310 502 2368 undehominesnati,
519 2310 612 2357 durum
622 2321 712 2368 genus.
735 2320 796 2366 ergo
810 2322 867 2368 ago,
885 2315 904 2354 t.

238 2400 335 2462 pingue
347 2400 432 2446 solum
443 2397 532 2461 primis
546 2397 674 2458 extemplo
689 2411 704 2442 a
717 2393 846 2442 mensibus
861 2411 893 2443 an

187 2493 218 2536 65
239 2488 317 2535 sortes
330 2487 458 2535 invertant
470 2486 536 2535 tauri
550 2485 708 2546 glaebasque
721 2483 833 2530 iacentes

239 2574 419 2641 pulverulenta
430 2582 525 2637 coquat
537 2573 644 2623 maturis
658 2571 755 2621 solibus
769 2578 851 2620 aestas
861 2590 867 2634 3
