1808 2956
64 166 99 212 7⁹2
302 174 327 212 Ρ.
344 173 466 212 VERGILI
487 173 617 213 MARONIS

61 337 111 380 ‘275
132 331 211 379 densa
224 345 295 389 sere3
316 331 342 378 in
356 331 436 379 denso
451 345 503 378 nou
516 330 620 392 segnior
633 331 712 380 ubero
725 331 836 381 Bacchus

132 421 171 468 sin
185 420 290 468 tumulis
304 420 403 468 adclive
417 420 501 467 solum
515 419 640 482 collisque
654 421 770 484 supinos,

132 509 239 570 indulge
253 508 395 567 ordinibus,
411 523 458 557 nec
472 508 549 556 setius
563 509 648 556 omnis
661 509 689 557 in
702 523 814 571 unguem

132 597 266 645 arboribus
279 598 368 660 positis
382 605 452 645 secto
466 597 507 644 via
520 597 601 645 limite
616 599 735 660 quadret.

133 694 160 734 ut
172 701 249 749 saepe
261 687 359 747 ingenti
372 686 441 734 bollo
456 701 514 733 cum
527 687 607 747 longa
619 686 739 735 cohortes

62 781 112 825 280
132 777 255 839 explicuit
269 776 337 838 legio
352 781 377 823 et
390 790 481 836 eampo
494 775 564 822 stetit
577 790 670 836 agmen
684 783 782 838 aperto,

133 865 296 927 directaeque
310 865 387 921 acies,
404 879 433 911 ac
447 864 497 911 late
510 864 618 911 fluctuat
631 865 715 912 omnis

133 968 191 1001 aere
204 953 330 1001 renidenti
345 953 429 1010 tellus,
447 953 556 1000 necdum
570 951 676 999 horrida
688 953 797 1002 miscent

133 1042 239 1105 proelia,
256 1043 299 1090 sed
315 1041 407 1089 dubius
421 1041 512 1089 mediis
525 1041 595 1088 Mars
609 1048 677 1088 errat
689 1042 717 1089 iu
731 1043 821 1090 armis:

132 1131 220 1178 omnia
232 1131 283 1178 sint
296 1130 400 1193 paribus
413 1130 526 1177 numeris
540 1130 656 1178 dimensa
668 1131 785 1191 viarum;

60 1224 110 1268 285
130 1234 182 1267 non
200 1220 316 1267 animum
332 1219 410 1266 modo
429 1218 465 1265 uti
479 1226 568 1281 pascat
580 1228 732 1281 prospectus
746 1220 841 1268 inanem

130 1309 173 1356 sed
188 1309 313 1370 quianon
328 1309 402 1356 aliter
415 1308 474 1355 viris
488 1308 560 1355 dabit
572 1307 692 1355 omnibus
707 1323 803 1371 aequas

131 1406 198 1445 terra
210 1411 293 1459 neque
305 1397 331 1443 in
344 1411 451 1444 vacuom
463 1404 584 1458 poterunt
595 1411 622 1444 se
634 1398 773 1446 extendere
785 1395 841 1445 rami

165 1485 283 1533 Forsitan
297 1493 322 1533 et
334 1485 467 1533 scrobibus
481 1500 547 1547 quae
560 1486 612 1532 sint
622 1485 727 1547 fastigia
739 1501 841 1549 quaeras

130 1574 213 1621 ausim
226 1574 265 1622 vel
280 1574 349 1621 tenui
363 1574 440 1622 vitem
454 1575 613 1622 committere
627 1575 709 1622 sulco.

60 1667 110 1710 290
131 1663 208 1710 altior
221 1677 251 1710 ac
264 1663 365 1724 penitus
379 1671 461 1711 terrac
475 1663 595 1725 deligitur
608 1663 693 1722 arbos,

131 1752 249 1799 aesculus
262 1752 289 1798 in
303 1752 401 1814 primis,
418 1767 484 1814 quae
498 1760 623 1814 quantum
634 1753 728 1800 vertice
740 1753 774 1801 ad
786 1768 841 1801 nura

131 1840 266 1900 aetherias,
283 1849 382 1888 tantum
395 1841 481 1889 radice
495 1841 521 1888 in
534 1841 643 1888 Tartmo
656 1841 746 1889 tendit.

131 1944 192 1991 ergo
206 1944 259 1977 non
272 1930 369 1978 hiemes
382 1930 464 1988 illam,
480 1945 533 1977 non
546 1930 628 1977 flabra
641 1944 724 1992 neque
737 1931 831 1980 imbres

131 2019 296 2078 convellunt3
317 2020 416 2067 inmota
429 2026 524 2077 manet,
540 2020 687 2080 multosque
700 2027 818 2082 nepotes,

60 2111 110 2156 295
130 2108 212 2155 multa
225 2109 308 2156 virum
321 2108 424 2155 volvens
439 2108 556 2155 durando
570 2108 674 2156 saecula
686 2108 775 2158 vincit.

130 2203 184 2244 tum
198 2196 270 2244 sortis
283 2198 335 2245 late
347 2211 433 2244 ramos
447 2205 472 2244 et
484 2196 606 2245 bracchia
618 2198 725 2245 tendens

130 2285 181 2333 huc
194 2285 257 2334 illuc
269 2286 355 2334 media
368 2286 425 2349 ipsa
437 2286 568 2348 ingentem
581 2286 690 2334 sustinet
702 2286 829 2336 umbram.

166 2373 234 2422 Neve
247 2374 293 2422 tibi
307 2375 339 2422 ad
353 2376 434 2423 solem
447 2382 554 2436 vergant
566 2374 651 2422 vineta
664 2375 816 2436 cadentem3

131 2478 193 2512 neve
205 2463 272 2512 inter
283 2464 340 2511 vitis
354 2464 471 2526 corylum
484 2478 538 2512 sere
549 2481 554 2522 3
575 2477 638 2511 neve
650 2463 755 2525 flagella

60 2554 111 2600 ³00
130 2566 232 2600 summa
243 2559 302 2614 pete
315 2560 360 2600 aut
370 2567 471 2601 summa
482 2552 598 2614 defringe
610 2567 642 2600 ex
653 2551 745 2603 arbore
757 2555 841 2616 plante

131 2639 228 2703 (tantus
241 2655 315 2689 emor
328 2640 436 2704 terrae);
452 2656 502 2690 neu
515 2641 582 2690 ferro
596 2641 670 2691 laede
683 2650 789 2693 retunso
