1808 2956
238 196 385 235 neuumos
404 197 490 234 ursan
507 197 569 234 vin.
742 185 801 232 367

75 353 170 415 incipit
182 359 207 400 et
220 352 295 400 dictis
309 352 423 399 divinum
436 352 551 414 adspirat
564 365 688 398 amorem.

72 432 147 489 ‘dum
161 441 229 489 bello
242 441 360 501 Argolici
373 439 509 488 vastabant
521 440 648 500 Pergama
662 453 735 499 reges

30 537 54 580 '5
77 529 165 578 debita
178 542 334 589 casurasque
347 528 457 574 inimicis
471 527 574 589 ignibus
588 541 667 585 arces,

75 632 130 666 non
143 617 226 665 ullum
240 616 366 663 auxilium
378 617 486 674 miseris,
503 631 555 662 non
569 630 641 664 arma
653 615 742 676 rogavi

77 706 139 754 artis
153 705 261 767 opisque
274 712 333 752 tuae
346 719 394 752 nec
407 712 440 763 te,
457 705 587 751 carissime
601 704 723 762 coniunx,

76 795 238 842 incassumve
251 799 308 839 tuos
322 793 391 839 volui
406 807 523 840 exercere
537 792 648 850 labores,
675 856 677 860 Α

78 882 194 944 quamvis
208 888 234 929 et
245 880 340 928 Priami
356 881 475 929 deberem
488 881 599 942 plurima
612 880 679 927 natis

30 978 55 1022 lo
77 978 103 1019 et
115 971 208 1017 durum
221 970 327 1016 Aeneae
339 968 463 1016 flevissem
477 983 553 1030 saepe
567 968 692 1017 laborem.

77 1073 147 1106 nunc
160 1058 227 1105 Iovis
241 1057 355 1119 imperiis
368 1056 523 1104 Rutulorum
537 1056 652 1104 constitit
664 1056 730 1104 oris:

77 1162 139 1209 ergo
154 1147 245 1194 eadem
257 1147 367 1208 supplex
374 1146 448 1193 venio
462 1153 488 1193 et
500 1155 618 1194 sanctum
631 1145 694 1192 mihi
707 1159 803 1192 numen

78 1251 151 1284 arma
163 1248 237 1296 rogo,
252 1234 370 1295 genetrix
383 1242 453 1281 nato.
482 1242 506 1282 te
519 1234 573 1282 filia
585 1233 670 1293 Nerei,

77 1332 102 1372 te
115 1324 199 1387 potuit
212 1323 325 1371 lacrimis
338 1322 463 1370 Tithonia
474 1323 576 1370 flectere
590 1323 712 1370 coniunx.

30 1420 55 1464 35
77 1413 163 1474 aspice
177 1412 221 1473 qui
235 1417 328 1459 coeant
340 1411 439 1473 populi,
456 1425 522 1473 quae
535 1412 639 1459 moenia
653 1411 746 1458 clausis

77 1501 173 1550 sermm
186 1507 281 1547 acuant
294 1500 373 1561 portis
387 1500 462 1547 inme
475 1499 656 1562 excidiumque
669 1500 807 1547 meorum‘

78 1590 179 1637 dixerat
192 1595 216 1635 et
228 1588 308 1635 niveis
322 1588 383 1635 hinc
397 1595 473 1650 atque
487 1587 547 1634 hinc
561 1587 619 1634 diva
632 1588 734 1635 lacertis

77 1684 241 1726 cunctantem
255 1677 377 1739 amplexu
390 1676 463 1723 molli
477 1675 553 1723 fovet.
582 1675 627 1723 ille
640 1682 745 1737 repente

78 1765 177 1827 accepit
189 1766 292 1812 solitam
304 1766 435 1814 flammam
448 1772 575 1825 notusque
588 1763 716 1810 medullas

30 1861 57 1904 ³0
78 1854 182 1902 intravit
195 1854 266 1901 calor
278 1860 303 1901 et
316 1853 444 1901 labefacta
457 1868 502 1915 per
515 1867 574 1899 ossa
588 1851 708 1910 cucurrit,

77 1957 130 1990 non
144 1956 217 1989 secus
231 1949 307 2003 atque
321 1942 384 1989 olim
397 1942 493 1989 tonitru
507 1956 565 1989 cum
579 1947 654 2002 rupta
667 1954 774 1987 corusco

78 2032 156 2093 ignea
169 2030 234 2079 rima
247 2031 345 2078 micans
359 2031 484 2092 percurrit
497 2030 594 2077 lumine
607 2028 718 2075 nimbos.

77 2119 157 2167 sensit
169 2118 237 2166 laeta
251 2119 317 2166 dolis
332 2125 356 2166 et
368 2119 466 2166 formae
480 2118 584 2166 conscia
597 2117 719 2165 coniunx.

78 2215 132 2255 tum
145 2215 217 2269 pater
231 2214 335 2254 aeterno
349 2206 416 2254 fatur
429 2207 560 2254 devinctus
575 2219 663 2253 amore

30 2302 57 2346 ³5
74 2287 147 2358 ‘quid
163 2310 253 2342 causas
266 2295 331 2357 petis
345 2310 376 2343 ex
389 2295 461 2344 alto?
479 2294 574 2342 fiducia
588 2294 663 2342 cessit

78 2398 130 2447 quo
143 2383 199 2441 tibi,
216 2383 282 2440 diva,
297 2382 366 2430 mei?
384 2383 475 2430 similis
488 2383 509 2429 si
524 2397 585 2430 cura
598 2382 695 2439 fuisset,

78 2479 133 2519 turn
147 2485 250 2533 quoque
263 2469 301 2518 fas
314 2470 388 2518 nobis
402 2471 516 2518 Teucros
529 2484 630 2518 armare
642 2469 745 2529 fuisset3

78 2574 127 2607 nec
139 2567 211 2621 pater
225 2560 388 2622 omnipotens
401 2558 510 2607 Troiam
520 2572 570 2606 nac
580 2557 778 2604 (stammam

71 2653 141 2692 stare
150 2646 294 2712 decemque
303 2650 371 2700 alios
378 2649 524 2700 Priamum
529 2657 676 2710 superesse
684 2653 736 2698 qm
742 2643 847 2680 ausoa-
