1808 2956
353 131 473 173 ECLOGA
493 133 522 174 V.

56 295 88 338 30
108 290 230 348 instituit,
244 289 363 352 Daphnis
377 290 474 338 thiasos
487 290 609 339 inducere
621 291 718 346 Baeehi

109 385 135 426 et
148 377 218 425 soliis
231 378 313 427 lentas
327 379 442 427 intexere
454 379 576 427 mollibus
590 379 685 428 hastas.

108 467 167 514 vitis
181 472 209 513 ut
221 466 355 517 arboribus
370 467 455 515 decori
469 474 515 526 est,
531 475 559 514 ut
571 468 664 516 vitibus
677 484 751 528 uvae,

109 562 138 602 ut
150 555 272 617 gregibus
285 556 361 614 tauri,
377 563 475 617 segetes
488 562 517 604 ut
528 556 668 618 pinguibus
682 557 757 617 arvis,

109 650 137 690 tu
151 643 229 691 decus
243 659 319 693 omne
332 645 391 691 tuis.
418 650 555 706 postquem
568 651 592 692 te
605 644 658 692 fata
670 646 793 703 tulerunt,

58 736 89 777 35
110 731 168 793 ipsa
180 732 255 780 Pales
269 747 345 794 agros
359 739 436 794 atque
449 732 504 794 ipse
517 733 622 795 reliquit
634 734 740 796 Apollo.

110 821 219 880 grandia
231 836 308 884 saepe
322 821 414 884 quibus
428 822 605 869 mandavimus
619 821 717 870 hordea
729 822 816 880 sulcis,

110 907 202 955 infelix
214 909 305 957 lolium
318 916 343 957 et
354 910 452 958 steriles
465 917 606 957 naseuntur
618 924 729 970 avenae;

111 1011 158 1058 pro
171 997 244 1045 molli
257 997 334 1056 viola,
350 1013 396 1060 pro
409 1011 539 1062 purpureo
552 997 666 1046 narcisso

111 1086 221 1134 earduus
235 1092 260 1132 et
272 1086 352 1147 spinis
366 1087 448 1149 surgit
459 1087 575 1150 paliurus
589 1087 679 1134 acutis.

59 1179 90 1220 ιι)
111 1173 224 1236 spargite
237 1173 345 1222 humum
358 1174 441 1234 soliis,
462 1176 577 1224 inducite
595 1174 709 1221 fontibus
722 1172 835 1230 umbras,

110 1267 226 1323 pastores
240 1261 359 1323 (mandat
372 1263 426 1310 fieri
440 1264 487 1312 sibi
501 1264 564 1312 talia
576 1262 718 1325 Daphnis),

111 1357 136 1397 et
148 1349 276 1396 tumulum
289 1350 366 1398 facite
379 1358 404 1399 et
417 1353 515 1399 tumulo
529 1351 694 1414 superaddite
707 1364 818 1407 carmen,

108 1427 238 1499 ‘Daphnis
252 1453 300 1499 ego
311 1439 338 1485 in
351 1439 429 1497 silvis,
445 1438 505 1486 hine
517 1439 641 1500 usquead
655 1438 740 1486 sidera
751 1445 836 1495 notus,

111 1526 218 1574 formosi
231 1527 331 1588 peeoris
345 1533 440 1585 eustos,
456 1527 591 1575 formosior
604 1519 678 1589 ipse'

60 1621 90 1661 45
147 1630 193 1662 us.
215 1615 280 1663 Tale
293 1623 365 1662 tuum
378 1629 481 1663 carmen
494 1614 577 1672 nobis,
594 1614 679 1662 divine
691 1621 777 1676 poeta,

111 1703 190 1764 quale
204 1719 282 1766 sopor
296 1703 366 1752 fessis
380 1703 407 1751 in
420 1703 545 1764 gramine,
562 1704 638 1764 quale
651 1718 697 1765 per
710 1710 809 1752 aestum

112 1791 194 1839 duleis
207 1805 290 1853 aquae
303 1792 411 1839 saliente
424 1791 492 1839 sitim
506 1791 663 1851 restinguere
676 1791 738 1838 rivo.

111 1880 273 1926 neeeulamis
281 1880 364 1928 solum
372 1880 533 1942 aequiparas,
549 1879 593 1927 sed
602 1878 834 1939 voeemagistrum.

111 1967 241 2016 fortunate
253 1983 324 2029 puer,
340 1974 367 2014 tu
381 1982 450 2015 nune
463 1968 512 2015 eris
526 1969 592 2015 alter
605 1966 637 2013 ab
651 1966 707 2013 illo.

62 2059 91 2100 50
111 2070 159 2102 nos
185 2062 271 2104 tamen
296 2055 361 2104 haee
386 2070 551 2118 quocumque
576 2054 654 2102 modo
679 2054 726 2101 tibi
750 2061 840 2102 nostra

412 2143 524 2192 vicissim

111 2231 226 2279 dicemus
239 2231 423 2294 Daphnimque
436 2238 508 2279 tuum
520 2229 640 2280 tollemus
655 2231 686 2278 ad
700 2238 777 2289 astra,

111 2318 237 2381 Daphnin
257 2319 288 2367 ad
307 2326 377 2367 astra
395 2319 520 2368 feremus:
547 2319 641 2365 amavit
663 2333 710 2366 nos
734 2333 838 2381 quoque

411 2406 539 2470 Daphnis.

111 2510 160 2544 uo.
182 2496 225 2544 An
238 2495 378 2558 quiequam
391 2495 466 2543 nobis
480 2494 525 2543 tali
538 2494 571 2541 sit
583 2493 803 2542 muneremaius?

112 2590 138 2632 et
150 2598 216 2646 puer
227 2583 282 2646 ipse
296 2583 344 2631 fuit
357 2583 455 2632 cantari
467 2583 562 2644 ‘dignus
576 2588 601 2629 et
612 2581 662 2628 ista

649 2658 688 2712 ez*
