1808 2956
61 176 120 222 326
300 184 324 221 Ρ.
343 182 464 221 vertetur
485 181 617 222 Mauouts

128 339 237 402 imperat
250 347 274 387 et
287 339 353 386 solio
366 338 465 386 medius
480 338 598 386 consedit
610 339 691 386 avito.
761 318 764 324 ¹

62 431 111 476 170
130 434 225 476 tectum
249 433 400 488 augustum,
426 426 533 486 ingens,
560 434 664 474 eentum
686 427 799 477 sublime
822 443 857 477 eo·

430 514 534 572 lumnis,

130 602 193 651 urbe
206 602 255 650 fuit
266 617 375 661 summa,
391 602 527 650 Laurentis
541 603 613 663 regia
625 603 691 662 Pici,

132 691 289 740 horrendum
303 690 372 738 silvis
386 697 412 737 et
424 689 551 750 religione
564 697 711 752 parentum.

132 779 173 826 hic
187 785 288 842 sceptra
301 779 417 840 accipere
431 785 455 825 et
467 778 564 840 primos
579 778 697 826 attollere
712 778 797 828 fasces

131 867 234 929 regibus
248 881 323 915 omen
336 874 398 924 erat,
414 866 464 914 hoc
477 866 529 913 illis
543 866 615 914 ouria
627 867 765 928 templum,

64 958 112 1005 175
132 955 180 1004 hae
193 957 272 1004 saeris
286 955 358 1003 sedes
372 955 463 1017 epulis,
479 954 521 1002 hie
535 955 614 1002 ariete
627 969 704 1003 caeso

131 1045 260 1106 perpetuis
274 1043 343 1091 soliti
357 1050 441 1105 patres
456 1042 590 1090 considere
603 1043 708 1089 mensis.

133 1132 196 1194 quin
209 1132 286 1179 etiam
299 1138 412 1179 veterum
426 1131 522 1192 effigies
536 1146 568 1178 ex
582 1131 672 1179 ordine
686 1145 797 1180 avorum

133 1220 240 1281 antiqua
253 1234 266 1266 e
280 1220 365 1277 cedro,
381 1219 513 1281 Italusque
526 1227 649 1281 paterque
663 1218 779 1269 Sabinus

132 1308 256 1365 vitisator,
273 1323 376 1355 eurvam
389 1322 492 1356 servans
505 1307 552 1355 sub
566 1307 680 1369 imagine
693 1307 800 1368 falcem,

65 1400 114 1443 180
134 1393 311 1457 Saturnusque
324 1410 403 1443 senex
415 1396 524 1458 Ianique
536 1394 655 1443 bifrontis
669 1396 768 1458 imago,

133 1484 259 1531 vestibulo
274 1484 411 1532 adstabant
424 1484 520 1546 aliique
534 1484 565 1531 ab
580 1484 680 1545 origine
693 1499 769 1546 reges

133 1572 279 1635 Martiaque
292 1573 324 1621 ob
338 1573 449 1635 patriam
462 1572 604 1634 pugnando
617 1572 725 1620 volnera
739 1575 819 1636 passi.

135 1663 267 1724 multaque
280 1670 413 1724 praeterea
424 1660 503 1708 saeris
517 1660 543 1706 in
557 1659 674 1722 postibus
688 1675 771 1720 arma,

135 1751 228 1813 captivi
242 1751 355 1814 pendent
368 1764 456 1797 currus
470 1762 613 1810 curvaeque
626 1761 728 1796 secures

66 1843 115 1886 185
135 1846 160 1887 et
173 1840 265 1888 cristae
278 1839 391 1900 capitum
404 1845 429 1885 et
441 1844 574 1899 portarum
587 1837 704 1898 ingentia
718 1839 834 1887 claustra

136 1929 287 1990 spieulaque
302 1927 429 1988 clipeique
443 1931 581 1987 ereptaque
594 1932 677 1972 rostra
691 1927 798 1976 earinis.

136 2017 191 2079 ipse
205 2015 334 2075 Quirinali
348 2015 412 2062 lituo
427 2028 557 2076 parvaque
569 2013 676 2062 sedebat

136 2105 281 2153 succinctus
295 2103 384 2150 trabea
396 2104 520 2164 laevaque
534 2103 617 2150 aneile
630 2101 738 2162 gerebat

136 2192 222 2251 Piens,
233 2208 306 2241 eoum
316 2192 441 2249 domit0r3
457 2205 533 2252 quem
541 2200 616 2253 capta
624 2190 747 2251 cupidine
755 2194 869 2241 eoninux

69 2286 118 2330 190
138 2297 217 2329 aurea
228 2296 376 2344 percussum
389 2280 461 2341 virga
474 2292 626 2340 versumque
639 2279 745 2327 venenis

138 2371 198 2419 feeit
211 2385 283 2418 avem
297 2368 372 2418 Circe
385 2368 530 2430 sparsitque
544 2365 674 2414 coloribus
688 2367 755 2415 alas.

138 2460 183 2507 tali
197 2460 265 2507 intus
280 2458 375 2520 templo
389 2457 475 2503 divom
487 2455 623 2517 patriaque
634 2453 745 2503 Latinus

138 2549 198 2597 sede
212 2549 303 2596 sedens
316 2547 430 2594 Teucros
444 2544 476 2591 ad
490 2557 545 2590 sese
558 2543 585 2589 in
598 2550 666 2591 tecta
678 2547 784 2594 vocavit

110 2644 210 2705 ,atque
222 2639 290 2689 baec
302 2634 430 2702 ingressis
443 2632 551 2698 nlaeido
563 2631 635 2694 qrior
649 2630 733 2677 edidit
743 2647 803 2679 ore.
