<?xml version="1.0" encoding="UTF-8"?>
<!DOCTYPE html PUBLIC "-//W3C//DTD XHTML 1.0 Transitional//EN"
    "http://www.w3.org/TR/xhtml1/DTD/xhtml1-transitional.dtd">
<html xmlns="http://www.w3.org/1999/xhtml" xml:lang="en" lang="en">
 <head>
  <title>
</title>
<meta http-equiv="Content-Type" content="text/html;charset=utf-8" />
  <meta name='ocr-system' content='tesseract 3.04.00' />
  <meta name='ocr-capabilities' content='ocr_page ocr_carea ocr_par ocr_line ocrx_word'/>
</head>
<body>
  <div class='ocr_page' id='page_1' title='image "./pvergiliusmaro00virggoog/pvergiliusmaro00virggoog_0159.png"; bbox 0 0 1808 2956; ppageno 0'>
   <div class='ocr_carea' id='block_1_1' title="bbox 70 165 620 212">
    <p class='ocr_par' dir='ltr' id='par_1_1' title="bbox 70 165 620 212">
     <span class='ocr_line' id='line_1_1' title="bbox 70 165 620 212; baseline -0.005 -2"><span class='ocrx_word' id='word_1_1' title='bbox 70 165 126 212; x_wconf 75' lang='lat'>152</span> <span class='ocrx_word' id='word_1_2' title='bbox 306 172 331 210; x_wconf 85' lang='lat' dir='ltr'>F.</span> <span class='ocrx_word' id='word_1_3' title='bbox 351 171 471 209; x_wconf 78' lang='lat' dir='ltr'>VERGILI</span> <span class='ocrx_word' id='word_1_4' title='bbox 490 170 620 208; x_wconf 81' lang='lat' dir='ltr'><strong>MARONIS</strong></span> 
     </span>
    </p>
   </div>
   <div class='ocr_carea' id='block_1_2' title="bbox 69 327 868 1098">
    <p class='ocr_par' dir='ltr' id='par_1_2' title="bbox 137 327 736 388">
     <span class='ocr_line' id='line_1_2' title="bbox 137 327 736 388; baseline -0.003 -14"><span class='ocrx_word' id='word_1_5' title='bbox 137 329 179 377; x_wconf 78' lang='lat' dir='ltr'>rix</span> <span class='ocrx_word' id='word_1_6' title='bbox 192 343 223 376; x_wconf 86' lang='lat' dir='ltr'>en</span> <span class='ocrx_word' id='word_1_7' title='bbox 235 328 301 375; x_wconf 82' lang='lat' dir='ltr'>satus</span> <span class='ocrx_word' id='word_1_8' title='bbox 315 338 377 386; x_wconf 81' lang='lat' dir='ltr'>erat,</span> <span class='ocrx_word' id='word_1_9' title='bbox 393 343 449 375; x_wconf 82' lang='lat' dir='ltr'>enm</span> <span class='ocrx_word' id='word_1_10' title='bbox 465 327 619 374; x_wconf 81' lang='lat' dir='ltr'>eireuini&#39;use</span> <span class='ocrx_word' id='word_1_11' title='bbox 632 335 736 388; x_wconf 86' lang='lat' dir='ltr'>repente</span> 
     </span>
    </p>

    <p class='ocr_par' dir='ltr' id='par_1_3' title="bbox 137 415 805 477">
     <span class='ocr_line' id='line_1_3' title="bbox 137 415 805 477; baseline -0.003 -13"><span class='ocrx_word' id='word_1_12' title='bbox 137 417 232 465; x_wconf 78' lang='lat' dir='ltr'>scindit</span> <span class='ocrx_word' id='word_1_13' title='bbox 244 431 271 464; x_wconf 87' lang='lat' dir='ltr'>se</span> <span class='ocrx_word' id='word_1_14' title='bbox 284 416 365 464; x_wconf 83' lang='lat' dir='ltr'>nubes</span> <span class='ocrx_word' id='word_1_15' title='bbox 379 425 403 464; x_wconf 85' lang='lat' dir='ltr'>et</span> <span class='ocrx_word' id='word_1_16' title='bbox 416 416 441 463; x_wconf 89' lang='lat' dir='ltr'>in</span> <span class='ocrx_word' id='word_1_17' title='bbox 456 415 560 463; x_wconf 78' lang='lat' dir='ltr'>aethera</span> <span class='ocrx_word' id='word_1_18' title='bbox 573 424 666 476; x_wconf 78' lang='lat' dir='ltr'>purgat</span> <span class='ocrx_word' id='word_1_19' title='bbox 679 423 805 477; x_wconf 81' lang='lat' dir='ltr'>apertum.</span> 
     </span>
    </p>

    <p class='ocr_par' dir='ltr' id='par_1_4' title="bbox 137 503 710 567">
     <span class='ocr_line' id='line_1_4' title="bbox 137 503 710 567; baseline -0.003 -15"><span class='ocrx_word' id='word_1_20' title='bbox 137 506 229 554; x_wconf 85' lang='lat' dir='ltr'>restitit</span> <span class='ocrx_word' id='word_1_21' title='bbox 241 506 343 553; x_wconf 83' lang='lat' dir='ltr'>Aeneas</span> <span class='ocrx_word' id='word_1_22' title='bbox 356 505 477 567; x_wconf 82' lang='lat' dir='ltr'>claraque</span> <span class='ocrx_word' id='word_1_23' title='bbox 491 505 517 550; x_wconf 90' lang='lat' dir='ltr'>in</span> <span class='ocrx_word' id='word_1_24' title='bbox 531 505 588 551; x_wconf 91' lang='lat' dir='ltr'>lnee</span> <span class='ocrx_word' id='word_1_25' title='bbox 601 503 710 562; x_wconf 63' lang='lat' dir='ltr'>remisit,</span> 
     </span>
    </p>

    <p class='ocr_par' dir='ltr' id='par_1_5' title="bbox 69 592 868 743">
     <span class='ocr_line' id='line_1_5' title="bbox 138 592 868 656; baseline -0.001 -15"><span class='ocrx_word' id='word_1_26' title='bbox 138 609 167 642; x_wconf 89' lang='lat' dir='ltr'>es</span> <span class='ocrx_word' id='word_1_27' title='bbox 181 608 333 656; x_wconf 86' lang='lat' dir='ltr'>umerosque</span> <span class='ocrx_word' id='word_1_28' title='bbox 347 594 395 641; x_wconf 86' lang='lat' dir='ltr'>deo</span> <span class='ocrx_word' id='word_1_29' title='bbox 413 593 519 639; x_wconf 84' lang='lat' dir='ltr'>similis:</span> <span class='ocrx_word' id='word_1_30' title='bbox 541 606 653 653; x_wconf 83' lang='lat' dir='ltr'>namque</span> <span class='ocrx_word' id='word_1_31' title='bbox 671 592 727 654; x_wconf 87' lang='lat' dir='ltr'>ipsa</span> <span class='ocrx_word' id='word_1_32' title='bbox 745 593 868 641; x_wconf 84' lang='lat' dir='ltr'>decorem</span> 
     </span>
     <span class='ocr_line' id='line_1_6' title="bbox 69 681 767 743; baseline -0.003 -13"><span class='ocrx_word' id='word_1_33' title='bbox 69 688 118 731; x_wconf 86' lang='grc'>590</span> <span class='ocrx_word' id='word_1_34' title='bbox 139 684 277 732; x_wconf 82' lang='lat' dir='ltr'>caesariem</span> <span class='ocrx_word' id='word_1_35' title='bbox 291 690 352 730; x_wconf 84' lang='lat' dir='ltr'>neto</span> <span class='ocrx_word' id='word_1_36' title='bbox 365 682 483 743; x_wconf 77' lang='lat' dir='ltr'>genetrix</span> <span class='ocrx_word' id='word_1_37' title='bbox 496 682 635 742; x_wconf 85' lang='lat' dir='ltr'>lumenque</span> <span class='ocrx_word' id='word_1_38' title='bbox 648 681 767 728; x_wconf 84' lang='lat' dir='ltr'>iuventae</span> 
     </span>
    </p>

    <p class='ocr_par' dir='ltr' id='par_1_6' title="bbox 138 769 785 834">
     <span class='ocr_line' id='line_1_7' title="bbox 138 769 785 834; baseline -0.003 -16"><span class='ocrx_word' id='word_1_39' title='bbox 138 787 294 834; x_wconf 87' lang='lat' dir='ltr'>purpureum</span> <span class='ocrx_word' id='word_1_40' title='bbox 308 778 333 819; x_wconf 87' lang='lat' dir='ltr'>et</span> <span class='ocrx_word' id='word_1_41' title='bbox 346 771 427 819; x_wconf 85' lang='lat' dir='ltr'>laetos</span> <span class='ocrx_word' id='word_1_42' title='bbox 442 771 523 818; x_wconf 88' lang='lat' dir='ltr'>oeulis</span> <span class='ocrx_word' id='word_1_43' title='bbox 537 770 645 817; x_wconf 83' lang='lat' dir='ltr'>adflarat</span> <span class='ocrx_word' id='word_1_44' title='bbox 658 769 785 828; x_wconf 81' lang='lat' dir='ltr'>honores3</span> 
     </span>
    </p>

    <p class='ocr_par' dir='ltr' id='par_1_7' title="bbox 139 858 802 923">
     <span class='ocr_line' id='line_1_8' title="bbox 139 858 802 923; baseline -0.003 -15"><span class='ocrx_word' id='word_1_45' title='bbox 139 861 216 923; x_wconf 84' lang='lat' dir='ltr'>quale</span> <span class='ocrx_word' id='word_1_46' title='bbox 229 875 320 907; x_wconf 84' lang='lat' dir='ltr'>manns</span> <span class='ocrx_word' id='word_1_47' title='bbox 335 860 434 907; x_wconf 87' lang='lat' dir='ltr'>addunt</span> <span class='ocrx_word' id='word_1_48' title='bbox 446 859 517 908; x_wconf 87' lang='lat' dir='ltr'>ebori</span> <span class='ocrx_word' id='word_1_49' title='bbox 532 860 609 906; x_wconf 77' lang='lat' dir='ltr'>eleens</span> <span class='ocrx_word' id='word_1_50' title='bbox 623 865 667 906; x_wconf 84' lang='lat' dir='ltr'>eut</span> <span class='ocrx_word' id='word_1_51' title='bbox 681 858 723 904; x_wconf 91' lang='lat' dir='ltr'>nbi</span> <span class='ocrx_word' id='word_1_52' title='bbox 737 859 802 906; x_wconf 86' lang='lat' dir='ltr'>flavo</span> 
     </span>
    </p>

    <p class='ocr_par' dir='ltr' id='par_1_8' title="bbox 139 948 760 1011">
     <span class='ocr_line' id='line_1_9' title="bbox 139 948 760 1011; baseline -0.005 -15"><span class='ocrx_word' id='word_1_53' title='bbox 139 957 274 1011; x_wconf 84' lang='lat' dir='ltr'>argentum</span> <span class='ocrx_word' id='word_1_54' title='bbox 287 948 408 995; x_wconf 82' lang='lat' dir='ltr'>Pariusve</span> <span class='ocrx_word' id='word_1_55' title='bbox 422 948 487 1010; x_wconf 89' lang='lat' dir='ltr'>lapis</span> <span class='ocrx_word' id='word_1_56' title='bbox 502 948 675 995; x_wconf 81' lang='lat' dir='ltr'>eireumdatur</span> <span class='ocrx_word' id='word_1_57' title='bbox 688 962 760 994; x_wconf 84' lang='lat' dir='ltr'>auro.</span> 
     </span>
    </p>

    <p class='ocr_par' dir='ltr' id='par_1_9' title="bbox 139 1036 816 1098">
     <span class='ocr_line' id='line_1_10' title="bbox 139 1036 816 1098; baseline -0.001 -14"><span class='ocrx_word' id='word_1_58' title='bbox 139 1046 193 1084; x_wconf 87' lang='lat' dir='ltr'>turn</span> <span class='ocrx_word' id='word_1_59' title='bbox 206 1038 242 1085; x_wconf 90' lang='lat' dir='ltr'>sie</span> <span class='ocrx_word' id='word_1_60' title='bbox 255 1037 371 1098; x_wconf 80' lang='lat' dir='ltr'>reginam</span> <span class='ocrx_word' id='word_1_61' title='bbox 385 1037 535 1098; x_wconf 83' lang='lat' dir='ltr'>adloquitur</span> <span class='ocrx_word' id='word_1_62' title='bbox 548 1036 698 1097; x_wconf 79' lang='lat' dir='ltr'>eunetisque</span> <span class='ocrx_word' id='word_1_63' title='bbox 711 1043 816 1097; x_wconf 81' lang='lat' dir='ltr'>repente</span> 
     </span>
    </p>
   </div>
   <div class='ocr_carea' id='block_1_3' title="bbox 70 1115 797 1188">
    <p class='ocr_par' dir='ltr' id='par_1_10' title="bbox 70 1115 797 1188">
     <span class='ocr_line' id='line_1_11' title="bbox 70 1115 797 1188; baseline -0.003 -14"><span class='ocrx_word' id='word_1_64' title='bbox 70 1131 119 1174; x_wconf 85' lang='lat'>595</span> <span class='ocrx_word' id='word_1_65' title='bbox 139 1126 283 1188; x_wconf 77' lang='lat' dir='ltr'>inprovisus</span> <span class='ocrx_word' id='word_1_66' title='bbox 297 1125 341 1172; x_wconf 89' lang='lat' dir='ltr'>ait.</span> <span class='ocrx_word' id='word_1_67' title='bbox 367 1115 465 1172; x_wconf 80' lang='lat' dir='ltr'>‘eoram</span> <span class='ocrx_word' id='word_1_68' title='bbox 478 1140 554 1186; x_wconf 86' lang='lat' dir='ltr'>quem</span> <span class='ocrx_word' id='word_1_69' title='bbox 568 1125 690 1186; x_wconf 83' lang='lat' dir='ltr'>qnaeritis</span> <span class='ocrx_word' id='word_1_70' title='bbox 705 1125 797 1172; x_wconf 86' lang='lat' dir='ltr'><strong>adsum</strong></span> 
     </span>
    </p>
   </div>
   <div class='ocr_carea' id='block_1_4' title="bbox 69 1212 895 2700">
    <p class='ocr_par' dir='ltr' id='par_1_11' title="bbox 69 1212 895 2700">
     <span class='ocr_line' id='line_1_12' title="bbox 139 1212 734 1276; baseline -0.005 -14"><span class='ocrx_word' id='word_1_71' title='bbox 139 1215 232 1262; x_wconf 84' lang='lat' dir='ltr'>Troius</span> <span class='ocrx_word' id='word_1_72' title='bbox 246 1216 356 1272; x_wconf 83' lang='lat' dir='ltr'>Aeneas,</span> <span class='ocrx_word' id='word_1_73' title='bbox 372 1213 475 1275; x_wconf 88' lang='lat' dir='ltr'>Libyeis</span> <span class='ocrx_word' id='word_1_74' title='bbox 489 1221 589 1276; x_wconf 80' lang='lat' dir='ltr'>ereptus</span> <span class='ocrx_word' id='word_1_75' title='bbox 604 1212 635 1260; x_wconf 91' lang='lat' dir='ltr'>ab</span> <span class='ocrx_word' id='word_1_76' title='bbox 649 1214 734 1260; x_wconf 86' lang='lat' dir='ltr'>undis.</span> 
     </span>
     <span class='ocr_line' id='line_1_13' title="bbox 140 1302 722 1360; baseline -0.002 -10"><span class='ocrx_word' id='word_1_77' title='bbox 140 1318 155 1350; x_wconf 96' lang='lat' dir='ltr'>o</span> <span class='ocrx_word' id='word_1_78' title='bbox 169 1303 225 1350; x_wconf 89' lang='lat' dir='ltr'>sola</span> <span class='ocrx_word' id='word_1_79' title='bbox 238 1303 357 1349; x_wconf 84' lang='lat' dir='ltr'>ini&#39;undos</span> <span class='ocrx_word' id='word_1_80' title='bbox 372 1302 465 1350; x_wconf 85' lang='lat' dir='ltr'>Troiae</span> <span class='ocrx_word' id='word_1_81' title='bbox 479 1303 599 1350; x_wconf 84' lang='lat' dir='ltr'>miserata</span> <span class='ocrx_word' id='word_1_82' title='bbox 612 1302 722 1360; x_wconf 88' lang='lat' dir='ltr'>labores,</span> 
     </span>
     <span class='ocr_line' id='line_1_14' title="bbox 140 1390 870 1455; baseline 0.001 -17"><span class='ocrx_word' id='word_1_83' title='bbox 140 1406 211 1455; x_wconf 27' lang='lat' dir='ltr'>quae·</span> <span class='ocrx_word' id='word_1_84' title='bbox 220 1405 282 1448; x_wconf 87' lang='lat' dir='ltr'>nos,</span> <span class='ocrx_word' id='word_1_85' title='bbox 303 1391 426 1453; x_wconf 81' lang='lat' dir='ltr'>reliquias</span> <span class='ocrx_word' id='word_1_86' title='bbox 439 1391 575 1449; x_wconf 84' lang='lat' dir='ltr'>Danaum,</span> <span class='ocrx_word' id='word_1_87' title='bbox 591 1399 725 1453; x_wconf 86' lang='lat' dir='ltr'>terraeque</span> <span class='ocrx_word' id='word_1_88' title='bbox 738 1390 870 1452; x_wconf 80' lang='lat' dir='ltr'>marisque</span> 
     </span>
     <span class='ocr_line' id='line_1_15' title="bbox 139 1479 867 1540; baseline -0.001 -13"><span class='ocrx_word' id='word_1_89' title='bbox 139 1479 259 1527; x_wconf 86' lang='lat' dir='ltr'>eninibus</span> <span class='ocrx_word' id='word_1_90' title='bbox 273 1479 411 1526; x_wconf 85' lang='lat' dir='ltr'>exhaustos</span> <span class='ocrx_word' id='word_1_91' title='bbox 425 1480 477 1527; x_wconf 84' lang='lat' dir='ltr'>iani</span> <span class='ocrx_word' id='word_1_92' title='bbox 491 1480 606 1537; x_wconf 78' lang='lat' dir='ltr'>ensibus,</span> <span class='ocrx_word' id='word_1_93' title='bbox 628 1479 743 1525; x_wconf 88' lang='lat' dir='ltr'>omnium</span> <span class='ocrx_word' id='word_1_94' title='bbox 762 1494 867 1540; x_wconf 85' lang='lat' dir='ltr'>egenos,</span> 
     </span>
     <span class='ocr_line' id='line_1_16' title="bbox 69 1568 762 1631; baseline 0 -15"><span class='ocrx_word' id='word_1_95' title='bbox 69 1573 119 1616; x_wconf 83' lang='lat'>600</span> <span class='ocrx_word' id='word_1_96' title='bbox 139 1568 201 1616; x_wconf 91' lang='lat' dir='ltr'>urbe</span> <span class='ocrx_word' id='word_1_97' title='bbox 216 1568 292 1614; x_wconf 82' lang='lat' dir='ltr'>dorne</span> <span class='ocrx_word' id='word_1_98' title='bbox 306 1568 399 1626; x_wconf 76' lang='lat' dir='ltr'>socias,</span> <span class='ocrx_word' id='word_1_99' title='bbox 414 1576 498 1628; x_wconf 84' lang='lat' dir='ltr'>grates</span> <span class='ocrx_word' id='word_1_100' title='bbox 512 1569 657 1631; x_wconf 83' lang='lat' dir='ltr'>persolvere</span> <span class='ocrx_word' id='word_1_101' title='bbox 671 1570 762 1630; x_wconf 79' lang='lat' dir='ltr'>dignas</span> 
     </span>
     <span class='ocr_line' id='line_1_17' title="bbox 139 1657 871 1720; baseline 0.003 -16"><span class='ocrx_word' id='word_1_102' title='bbox 139 1672 191 1704; x_wconf 90' lang='lat' dir='ltr'>non</span> <span class='ocrx_word' id='word_1_103' title='bbox 205 1657 261 1718; x_wconf 78' lang='lat' dir='ltr'>opis</span> <span class='ocrx_word' id='word_1_104' title='bbox 275 1665 312 1704; x_wconf 84' lang='lat' dir='ltr'>est</span> <span class='ocrx_word' id='word_1_105' title='bbox 325 1667 437 1715; x_wconf 84' lang='lat' dir='ltr'>nestrae,</span> <span class='ocrx_word' id='word_1_106' title='bbox 453 1658 532 1715; x_wconf 84' lang='lat' dir='ltr'>Dido,</span> <span class='ocrx_word' id='word_1_107' title='bbox 549 1672 596 1705; x_wconf 86' lang='lat' dir='ltr'>uec</span> <span class='ocrx_word' id='word_1_108' title='bbox 610 1657 735 1719; x_wconf 81' lang='lat' dir='ltr'>quidquid</span> <span class='ocrx_word' id='word_1_109' title='bbox 748 1658 871 1720; x_wconf 87' lang='lat' dir='ltr'>ubiquest</span> 
     </span>
     <span class='ocr_line' id='line_1_18' title="bbox 139 1745 867 1808; baseline 0 -15"><span class='ocrx_word' id='word_1_110' title='bbox 139 1745 388 1807; x_wconf 80' lang='lat' dir='ltr'>gentisDardunine,</span> <span class='ocrx_word' id='word_1_111' title='bbox 404 1761 527 1806; x_wconf 81' lang='lat' dir='ltr'>magnum</span> <span class='ocrx_word' id='word_1_112' title='bbox 540 1760 606 1807; x_wconf 88' lang='lat' dir='ltr'>qnae</span> <span class='ocrx_word' id='word_1_113' title='bbox 619 1746 867 1808; x_wconf 82' lang='lat' dir='ltr'>spersnperorbem.</span> 
     </span>
     <span class='ocr_line' id='line_1_19' title="bbox 140 1834 785 1897; baseline 0.002 -17"><span class='ocrx_word' id='word_1_114' title='bbox 140 1834 165 1881; x_wconf 69' lang='lat' dir='ltr'>rii</span> <span class='ocrx_word' id='word_1_115' title='bbox 180 1834 234 1893; x_wconf 84' lang='lat' dir='ltr'>tibi,</span> <span class='ocrx_word' id='word_1_116' title='bbox 250 1835 326 1897; x_wconf 81' lang='lat' dir='ltr'>siqua</span> <span class='ocrx_word' id='word_1_117' title='bbox 338 1835 395 1897; x_wconf 82' lang='lat' dir='ltr'>pies</span> <span class='ocrx_word' id='word_1_118' title='bbox 409 1842 555 1896; x_wconf 84' lang='lat' dir='ltr'>respectant</span> <span class='ocrx_word' id='word_1_119' title='bbox 568 1835 683 1892; x_wconf 84' lang='lat' dir='ltr'>numina,</span> <span class='ocrx_word' id='word_1_120' title='bbox 700 1835 785 1897; x_wconf 82' lang='lat' dir='ltr'>siquid</span> 
     </span>
     <span class='ocr_line' id='line_1_20' title="bbox 141 1922 795 1985; baseline 0.002 -16"><span class='ocrx_word' id='word_1_121' title='bbox 141 1938 249 1985; x_wconf 86' lang='lat' dir='ltr'>usquam</span> <span class='ocrx_word' id='word_1_122' title='bbox 262 1924 360 1971; x_wconf 86' lang='lat' dir='ltr'>iustitia</span> <span class='ocrx_word' id='word_1_123' title='bbox 373 1930 410 1970; x_wconf 86' lang='lat' dir='ltr'>est</span> <span class='ocrx_word' id='word_1_124' title='bbox 423 1930 448 1971; x_wconf 84' lang='lat' dir='ltr'>et</span> <span class='ocrx_word' id='word_1_125' title='bbox 461 1937 532 1970; x_wconf 86' lang='lat' dir='ltr'>inens</span> <span class='ocrx_word' id='word_1_126' title='bbox 545 1922 593 1970; x_wconf 86' lang='lat' dir='ltr'>sibi</span> <span class='ocrx_word' id='word_1_127' title='bbox 608 1923 711 1970; x_wconf 82' lang='lat' dir='ltr'>conseia</span> <span class='ocrx_word' id='word_1_128' title='bbox 724 1924 795 1984; x_wconf 89' lang='lat' dir='ltr'>reeti,</span> 
     </span>
     <span class='ocr_line' id='line_1_21' title="bbox 70 2012 871 2074; baseline 0.001 -15"><span class='ocrx_word' id='word_1_129' title='bbox 70 2017 119 2060; x_wconf 83' lang='lat'>605</span> <span class='ocrx_word' id='word_1_130' title='bbox 141 2012 257 2074; x_wconf 82' lang='lat' dir='ltr'>praemia</span> <span class='ocrx_word' id='word_1_131' title='bbox 270 2012 349 2072; x_wconf 75' lang='lat' dir='ltr'>digna</span> <span class='ocrx_word' id='word_1_132' title='bbox 362 2012 453 2059; x_wconf 81' lang='lat' dir='ltr'>serant.</span> <span class='ocrx_word' id='word_1_133' title='bbox 491 2027 556 2074; x_wconf 88' lang='lat' dir='ltr'>quae</span> <span class='ocrx_word' id='word_1_134' title='bbox 570 2019 594 2058; x_wconf 84' lang='lat' dir='ltr'>te</span> <span class='ocrx_word' id='word_1_135' title='bbox 607 2019 660 2057; x_wconf 86' lang='lat' dir='ltr'>tam</span> <span class='ocrx_word' id='word_1_136' title='bbox 674 2012 743 2059; x_wconf 86' lang='lat' dir='ltr'>laeta</span> <span class='ocrx_word' id='word_1_137' title='bbox 756 2013 871 2060; x_wconf 86' lang='lat' dir='ltr'>tulerunt</span> 
     </span>
     <span class='ocr_line' id='line_1_22' title="bbox 140 2100 770 2163; baseline 0 -15"><span class='ocrx_word' id='word_1_138' title='bbox 140 2100 262 2148; x_wconf 82' lang='lat' dir='ltr'>saecula?</span> <span class='ocrx_word' id='word_1_139' title='bbox 282 2101 325 2163; x_wconf 90' lang='lat' dir='ltr'>qui</span> <span class='ocrx_word' id='word_1_140' title='bbox 339 2101 402 2148; x_wconf 81' lang='lat' dir='ltr'>tanti</span> <span class='ocrx_word' id='word_1_141' title='bbox 417 2102 495 2149; x_wconf 87' lang='lat' dir='ltr'>talem</span> <span class='ocrx_word' id='word_1_142' title='bbox 508 2115 619 2161; x_wconf 86' lang='lat' dir='ltr'>genuere</span> <span class='ocrx_word' id='word_1_143' title='bbox 633 2101 770 2162; x_wconf 81' lang='lat' dir='ltr'>parentes?</span> 
     </span>
     <span class='ocr_line' id='line_1_23' title="bbox 140 2189 871 2247; baseline 0.003 -11"><span class='ocrx_word' id='word_1_144' title='bbox 140 2191 166 2236; x_wconf 95' lang='lat' dir='ltr'>in</span> <span class='ocrx_word' id='word_1_145' title='bbox 181 2189 246 2237; x_wconf 82' lang='lat' dir='ltr'>freta</span> <span class='ocrx_word' id='word_1_146' title='bbox 259 2191 320 2236; x_wconf 85' lang='lat' dir='ltr'>duni</span> <span class='ocrx_word' id='word_1_147' title='bbox 332 2189 402 2236; x_wconf 85' lang='lat' dir='ltr'>fluvii</span> <span class='ocrx_word' id='word_1_148' title='bbox 416 2198 526 2247; x_wconf 83' lang='lat' dir='ltr'>current,</span> <span class='ocrx_word' id='word_1_149' title='bbox 546 2189 607 2235; x_wconf 85' lang='lat' dir='ltr'>dnm</span> <span class='ocrx_word' id='word_1_150' title='bbox 620 2189 750 2236; x_wconf 88' lang='lat' dir='ltr'>montibus</span> <span class='ocrx_word' id='word_1_151' title='bbox 763 2190 871 2238; x_wconf 80' lang='lat' dir='ltr'>umbrae</span> 
     </span>
     <span class='ocr_line' id='line_1_24' title="bbox 140 2277 796 2340; baseline 0 -14"><span class='ocrx_word' id='word_1_152' title='bbox 140 2278 285 2326; x_wconf 82' lang='lat' dir='ltr'>lustrabunt</span> <span class='ocrx_word' id='word_1_153' title='bbox 299 2292 422 2336; x_wconf 85' lang='lat' dir='ltr'>eunrexa,</span> <span class='ocrx_word' id='word_1_154' title='bbox 438 2278 514 2340; x_wconf 86' lang='lat' dir='ltr'>polus</span> <span class='ocrx_word' id='word_1_155' title='bbox 528 2278 589 2323; x_wconf 87' lang='lat' dir='ltr'>dum</span> <span class='ocrx_word' id='word_1_156' title='bbox 602 2277 686 2325; x_wconf 84' lang='lat' dir='ltr'>sidera</span> <span class='ocrx_word' id='word_1_157' title='bbox 699 2287 796 2340; x_wconf 83' lang='lat' dir='ltr'>pascet,</span> 
     </span>
     <span class='ocr_line' id='line_1_25' title="bbox 141 2366 895 2431; baseline 0 -17"><span class='ocrx_word' id='word_1_158' title='bbox 141 2366 868 2430; x_wconf 81' lang='lat' dir='ltr'>semperhonesnernenqnetuomlaudesqueninnebunt‚</span> <span class='ocrx_word' id='word_1_159' title='bbox 892 2427 895 2431; x_wconf 27' lang='grc' dir='ltr'>Ι</span> 
     </span>
     <span class='ocr_line' id='line_1_26' title="bbox 71 2446 870 2518; baseline -0.001 -14"><span class='ocrx_word' id='word_1_160' title='bbox 71 2464 121 2504; x_wconf 85' lang='grc'>010</span> <span class='ocrx_word' id='word_1_161' title='bbox 142 2471 207 2518; x_wconf 81' lang='lat' dir='ltr'>quae</span> <span class='ocrx_word' id='word_1_162' title='bbox 220 2471 261 2504; x_wconf 84' lang='lat' dir='ltr'>ine</span> <span class='ocrx_word' id='word_1_163' title='bbox 275 2471 384 2517; x_wconf 89' lang='lat' dir='ltr'>eumque</span> <span class='ocrx_word' id='word_1_164' title='bbox 397 2462 490 2503; x_wconf 86' lang='lat' dir='ltr'>vocant</span> <span class='ocrx_word' id='word_1_165' title='bbox 503 2446 604 2503; x_wconf 56' lang='lat' dir='ltr'>terrae?</span> <span class='ocrx_word' id='word_1_166' title='bbox 627 2455 664 2502; x_wconf 91' lang='lat' dir='ltr'>sie</span> <span class='ocrx_word' id='word_1_167' title='bbox 677 2455 744 2502; x_wconf 84' lang='lat' dir='ltr'>satus</span> <span class='ocrx_word' id='word_1_168' title='bbox 758 2456 870 2503; x_wconf 84' lang='lat' dir='ltr'>amicum</span> 
     </span>
     <span class='ocr_line' id='line_1_27' title="bbox 141 2542 712 2607; baseline -0.004 -15"><span class='ocrx_word' id='word_1_169' title='bbox 141 2545 241 2592; x_wconf 80' lang='lat' dir='ltr'>Ilionea</span> <span class='ocrx_word' id='word_1_170' title='bbox 254 2545 318 2607; x_wconf 80' lang='lat' dir='ltr'>petit</span> <span class='ocrx_word' id='word_1_171' title='bbox 332 2545 421 2591; x_wconf 83' lang='lat' dir='ltr'>dextre</span> <span class='ocrx_word' id='word_1_172' title='bbox 435 2544 559 2606; x_wconf 79' lang='lat' dir='ltr'>laevaque</span> <span class='ocrx_word' id='word_1_173' title='bbox 573 2542 712 2602; x_wconf 84' lang='lat' dir='ltr'>Serestum,</span> 
     </span>
     <span class='ocr_line' id='line_1_28' title="bbox 115 2632 874 2700; baseline 0.008 -24"><span class='ocrx_word' id='word_1_174' title='bbox 115 2635 274 2692; x_wconf 68' lang='lat' dir='ltr'>poetelius,</span> <span class='ocrx_word' id='word_1_175' title='bbox 293 2634 444 2700; x_wconf 68' lang='lat' dir='ltr'>{urbemque</span> <span class='ocrx_word' id='word_1_176' title='bbox 458 2632 534 2700; x_wconf 69' lang='lat' dir='ltr'>Gyan</span> <span class='ocrx_word' id='word_1_177' title='bbox 549 2632 874 2696; x_wconf 69' lang='lat' dir='ltr'>ferrernqneQieannnurn.</span> 
     </span>
    </p>
   </div>
   <div class='ocr_carea' id='block_1_5' title="bbox 0 0 910 2956">
    <p class='ocr_par' dir='ltr' id='par_1_12' title="bbox 0 0 910 2956">
     <span class='ocr_line' id='line_1_29' title="bbox 0 0 910 2956; baseline 0 0"><span class='ocrx_word' id='word_1_178' title='bbox 0 0 910 2956; x_wconf 95' lang='lat' dir='ltr'> </span> 
     </span>
    </p>
   </div>
  </div>
 </body>
</html>
