<?xml version="1.0" encoding="UTF-8"?>
<!DOCTYPE html PUBLIC "-//W3C//DTD XHTML 1.0 Transitional//EN"
    "http://www.w3.org/TR/xhtml1/DTD/xhtml1-transitional.dtd">
<html xmlns="http://www.w3.org/1999/xhtml" xml:lang="en" lang="en">
 <head>
  <title>
</title>
<meta http-equiv="Content-Type" content="text/html;charset=utf-8" />
  <meta name='ocr-system' content='tesseract 3.04.00' />
  <meta name='ocr-capabilities' content='ocr_page ocr_carea ocr_par ocr_line ocrx_word'/>
</head>
<body>
  <div class='ocr_page' id='page_1' title='image "./pvergiliusmaro00virggoog/pvergiliusmaro00virggoog_0420.png"; bbox 0 0 1808 2956; ppageno 0'>
   <div class='ocr_carea' id='block_1_1' title="bbox 304 192 848 240">
    <p class='ocr_par' dir='ltr' id='par_1_1' title="bbox 304 192 848 240">
     <span class='ocr_line' id='line_1_1' title="bbox 304 192 848 240; baseline -0.002 -1"><span class='ocrx_word' id='word_1_1' title='bbox 304 200 451 240; x_wconf 66' lang='lat' dir='ltr'>aurumne</span> <span class='ocrx_word' id='word_1_2' title='bbox 470 199 556 240; x_wconf 84' lang='lat' dir='ltr'>LIBER</span> <span class='ocrx_word' id='word_1_3' title='bbox 573 201 604 240; x_wconf 80' lang='lat' dir='ltr'>X·</span> <span class='ocrx_word' id='word_1_4' title='bbox 788 192 848 239; x_wconf 73' lang='lat'>423</span> 
     </span>
    </p>
   </div>
   <div class='ocr_carea' id='block_1_2' title="bbox 54 357 850 951">
    <p class='ocr_par' dir='ltr' id='par_1_2' title="bbox 125 357 731 419">
     <span class='ocr_line' id='line_1_2' title="bbox 125 357 731 419; baseline -0.002 -14"><span class='ocrx_word' id='word_1_5' title='bbox 125 358 234 416; x_wconf 81' lang='lat' dir='ltr'>dixerat,</span> <span class='ocrx_word' id='word_1_6' title='bbox 251 364 275 404; x_wconf 90' lang='lat' dir='ltr'>et</span> <span class='ocrx_word' id='word_1_7' title='bbox 288 357 378 405; x_wconf 88' lang='lat' dir='ltr'>dextra</span> <span class='ocrx_word' id='word_1_8' title='bbox 391 357 524 405; x_wconf 85' lang='lat' dir='ltr'><strong>discedens</strong></span> <span class='ocrx_word' id='word_1_9' title='bbox 536 357 631 419; x_wconf 79' lang='lat' dir='ltr'>inpulit</span> <span class='ocrx_word' id='word_1_10' title='bbox 644 358 731 415; x_wconf 88' lang='lat' dir='ltr'>altam,</span> 
     </span>
    </p>

    <p class='ocr_par' dir='ltr' id='par_1_3' title="bbox 125 446 829 508">
     <span class='ocr_line' id='line_1_3' title="bbox 125 446 829 508; baseline 0.001 -15"><span class='ocrx_word' id='word_1_11' title='bbox 125 446 194 494; x_wconf 91' lang='lat' dir='ltr'>haud</span> <span class='ocrx_word' id='word_1_12' title='bbox 208 446 300 506; x_wconf 88' lang='lat' dir='ltr'>ignara</span> <span class='ocrx_word' id='word_1_13' title='bbox 313 446 392 503; x_wconf 88' lang='lat' dir='ltr'>modi,</span> <span class='ocrx_word' id='word_1_14' title='bbox 408 446 530 507; x_wconf 87' lang='lat' dir='ltr'>puppim:</span> <span class='ocrx_word' id='word_1_15' title='bbox 552 446 619 507; x_wconf 87' lang='lat' dir='ltr'>fugit</span> <span class='ocrx_word' id='word_1_16' title='bbox 630 447 677 494; x_wconf 87' lang='lat' dir='ltr'>illa</span> <span class='ocrx_word' id='word_1_17' title='bbox 689 460 735 508; x_wconf 89' lang='lat' dir='ltr'>per</span> <span class='ocrx_word' id='word_1_18' title='bbox 747 447 829 494; x_wconf 84' lang='lat' dir='ltr'>undas</span> 
     </span>
    </p>

    <p class='ocr_par' dir='ltr' id='par_1_4' title="bbox 126 534 729 596">
     <span class='ocr_line' id='line_1_4' title="bbox 126 534 729 596; baseline -0.002 -14"><span class='ocrx_word' id='word_1_19' title='bbox 126 534 197 582; x_wconf 85' lang='lat' dir='ltr'>ocior</span> <span class='ocrx_word' id='word_1_20' title='bbox 210 542 235 582; x_wconf 88' lang='lat' dir='ltr'>et</span> <span class='ocrx_word' id='word_1_21' title='bbox 248 534 332 580; x_wconf 83' lang='lat' dir='ltr'>iaculo</span> <span class='ocrx_word' id='word_1_22' title='bbox 347 541 371 581; x_wconf 88' lang='lat' dir='ltr'>et</span> <span class='ocrx_word' id='word_1_23' title='bbox 384 541 473 581; x_wconf 88' lang='lat' dir='ltr'>ventos</span> <span class='ocrx_word' id='word_1_24' title='bbox 487 541 614 596; x_wconf 81' lang='lat' dir='ltr'>aequante</span> <span class='ocrx_word' id='word_1_25' title='bbox 627 534 729 596; x_wconf 83' lang='lat' dir='ltr'>sagitta.</span> 
     </span>
    </p>

    <p class='ocr_par' dir='ltr' id='par_1_5' title="bbox 54 622 796 769">
     <span class='ocr_line' id='line_1_5' title="bbox 125 622 792 685; baseline 0 -15"><span class='ocrx_word' id='word_1_26' title='bbox 125 623 186 670; x_wconf 90' lang='lat' dir='ltr'>inde</span> <span class='ocrx_word' id='word_1_27' title='bbox 199 623 266 670; x_wconf 86' lang='lat' dir='ltr'>aliae</span> <span class='ocrx_word' id='word_1_28' title='bbox 280 623 392 669; x_wconf 80' lang='lat' dir='ltr'>celerant</span> <span class='ocrx_word' id='word_1_29' title='bbox 405 637 502 670; x_wconf 82' lang='lat' dir='ltr'>cursus.</span> <span class='ocrx_word' id='word_1_30' title='bbox 531 629 616 685; x_wconf 87' lang='lat' dir='ltr'>stupet</span> <span class='ocrx_word' id='word_1_31' title='bbox 628 622 723 670; x_wconf 81' lang='lat' dir='ltr'>inscius</span> <span class='ocrx_word' id='word_1_32' title='bbox 736 623 792 685; x_wconf 89' lang='lat' dir='ltr'>ipse</span> 
     </span>
     <span class='ocr_line' id='line_1_6' title="bbox 54 710 796 769; baseline -0.004 -9"><span class='ocrx_word' id='word_1_33' title='bbox 54 718 106 761; x_wconf 81' lang='lat'>250</span> <span class='ocrx_word' id='word_1_34' title='bbox 126 712 192 759; x_wconf 86' lang='lat' dir='ltr'>Tros</span> <span class='ocrx_word' id='word_1_35' title='bbox 205 711 393 769; x_wconf 76' lang='lat' dir='ltr'>Anchisiade53</span> <span class='ocrx_word' id='word_1_36' title='bbox 409 710 508 758; x_wconf 89' lang='lat' dir='ltr'>animos</span> <span class='ocrx_word' id='word_1_37' title='bbox 522 718 608 759; x_wconf 85' lang='lat' dir='ltr'>tamen</span> <span class='ocrx_word' id='word_1_38' title='bbox 622 711 707 759; x_wconf 89' lang='lat' dir='ltr'>omine</span> <span class='ocrx_word' id='word_1_39' title='bbox 720 711 796 758; x_wconf 89' lang='lat' dir='ltr'>tollit.</span> 
     </span>
    </p>

    <p class='ocr_par' dir='ltr' id='par_1_6' title="bbox 126 800 850 862">
     <span class='ocr_line' id='line_1_7' title="bbox 126 800 850 862; baseline -0.003 -14"><span class='ocrx_word' id='word_1_40' title='bbox 126 808 180 848; x_wconf 87' lang='lat' dir='ltr'>tum</span> <span class='ocrx_word' id='word_1_41' title='bbox 193 800 302 848; x_wconf 85' lang='lat' dir='ltr'>breviter</span> <span class='ocrx_word' id='word_1_42' title='bbox 319 813 412 861; x_wconf 84' lang='lat' dir='ltr'>supera</span> <span class='ocrx_word' id='word_1_43' title='bbox 425 800 576 862; x_wconf 76' lang='lat' dir='ltr'>adspectans</span> <span class='ocrx_word' id='word_1_44' title='bbox 596 814 710 848; x_wconf 88' lang='lat' dir='ltr'>convexa</span> <span class='ocrx_word' id='word_1_45' title='bbox 723 806 850 861; x_wconf 84' lang='lat' dir='ltr'>precatur.</span> 
     </span>
    </p>

    <p class='ocr_par' dir='ltr' id='par_1_7' title="bbox 123 880 783 951">
     <span class='ocr_line' id='line_1_8' title="bbox 123 880 783 951; baseline -0.005 -13"><span class='ocrx_word' id='word_1_46' title='bbox 123 880 204 938; x_wconf 84' lang='lat' dir='ltr'>‘alma</span> <span class='ocrx_word' id='word_1_47' title='bbox 216 902 308 951; x_wconf 88' lang='lat' dir='ltr'>parens</span> <span class='ocrx_word' id='word_1_48' title='bbox 321 886 400 935; x_wconf 86' lang='lat' dir='ltr'>Idaea</span> <span class='ocrx_word' id='word_1_49' title='bbox 413 887 498 946; x_wconf 86' lang='lat' dir='ltr'>deum,</span> <span class='ocrx_word' id='word_1_50' title='bbox 514 889 554 936; x_wconf 87' lang='lat' dir='ltr'>eui</span> <span class='ocrx_word' id='word_1_51' title='bbox 567 888 699 950; x_wconf 80' lang='lat' dir='ltr'>Dindyma</span> <span class='ocrx_word' id='word_1_52' title='bbox 712 888 783 935; x_wconf 87' lang='lat' dir='ltr'>cordi</span> 
     </span>
    </p>
   </div>
   <div class='ocr_carea' id='block_1_3' title="bbox 57 975 855 1216">
    <p class='ocr_par' dir='ltr' id='par_1_8' title="bbox 57 975 855 1216">
     <span class='ocr_line' id='line_1_9' title="bbox 127 975 796 1039; baseline -0.006 -13"><span class='ocrx_word' id='word_1_53' title='bbox 127 979 320 1039; x_wconf 87' lang='lat' dir='ltr'>turrigeraeque</span> <span class='ocrx_word' id='word_1_54' title='bbox 333 975 408 1024; x_wconf 86' lang='lat' dir='ltr'>urbes</span> <span class='ocrx_word' id='word_1_55' title='bbox 422 976 555 1038; x_wconf 85' lang='lat' dir='ltr'>biiugique</span> <span class='ocrx_word' id='word_1_56' title='bbox 568 977 599 1023; x_wconf 88' lang='lat' dir='ltr'>ad</span> <span class='ocrx_word' id='word_1_57' title='bbox 614 976 687 1024; x_wconf 87' lang='lat' dir='ltr'>frena</span> <span class='ocrx_word' id='word_1_58' title='bbox 699 977 796 1034; x_wconf 87' lang='lat' dir='ltr'>leones,</span> 
     </span>
     <span class='ocr_line' id='line_1_10' title="bbox 128 1063 854 1127; baseline -0.001 -14"><span class='ocrx_word' id='word_1_59' title='bbox 128 1074 154 1113; x_wconf 86' lang='lat' dir='ltr'>tu</span> <span class='ocrx_word' id='word_1_60' title='bbox 168 1065 231 1114; x_wconf 89' lang='lat' dir='ltr'>mihi</span> <span class='ocrx_word' id='word_1_61' title='bbox 244 1080 313 1113; x_wconf 86' lang='lat' dir='ltr'>nuno</span> <span class='ocrx_word' id='word_1_62' title='bbox 326 1079 429 1127; x_wconf 82' lang='lat' dir='ltr'>pugnae</span> <span class='ocrx_word' id='word_1_63' title='bbox 442 1065 574 1127; x_wconf 83' lang='lat' dir='ltr'>princeps,</span> <span class='ocrx_word' id='word_1_64' title='bbox 596 1071 623 1112; x_wconf 92' lang='lat' dir='ltr'>tu</span> <span class='ocrx_word' id='word_1_65' title='bbox 636 1065 684 1113; x_wconf 88' lang='lat' dir='ltr'>rite</span> <span class='ocrx_word' id='word_1_66' title='bbox 697 1063 854 1127; x_wconf 88' lang='lat' dir='ltr'>propinques</span> 
     </span>
     <span class='ocr_line' id='line_1_11' title="bbox 57 1143 855 1216; baseline -0.005 -13"><span class='ocrx_word' id='word_1_67' title='bbox 57 1159 108 1203; x_wconf 81' lang='lat'>255</span> <span class='ocrx_word' id='word_1_68' title='bbox 128 1155 264 1215; x_wconf 85' lang='lat' dir='ltr'>augurium</span> <span class='ocrx_word' id='word_1_69' title='bbox 271 1153 467 1216; x_wconf 87' lang='lat' dir='ltr'>Phrygibusque</span> <span class='ocrx_word' id='word_1_70' title='bbox 481 1154 548 1201; x_wconf 86' lang='lat' dir='ltr'>adsis</span> <span class='ocrx_word' id='word_1_71' title='bbox 562 1155 635 1216; x_wconf 87' lang='lat' dir='ltr'>pede,</span> <span class='ocrx_word' id='word_1_72' title='bbox 646 1153 712 1212; x_wconf 86' lang='lat' dir='ltr'>diva,</span> <span class='ocrx_word' id='word_1_73' title='bbox 722 1143 855 1201; x_wconf 78' lang='lat' dir='ltr'>seeundo&#39;</span> 
     </span>
    </p>
   </div>
   <div class='ocr_carea' id='block_1_4' title="bbox 58 1242 859 2724">
    <p class='ocr_par' dir='ltr' id='par_1_9' title="bbox 58 1242 859 2724">
     <span class='ocr_line' id='line_1_12' title="bbox 128 1242 735 1292; baseline 0 -3"><span class='ocrx_word' id='word_1_74' title='bbox 128 1250 228 1290; x_wconf 85' lang='lat' dir='ltr'>tantum</span> <span class='ocrx_word' id='word_1_75' title='bbox 241 1242 340 1291; x_wconf 85' lang='lat' dir='ltr'>effatus.</span> <span class='ocrx_word' id='word_1_76' title='bbox 369 1250 394 1292; x_wconf 88' lang='lat' dir='ltr'>et</span> <span class='ocrx_word' id='word_1_77' title='bbox 406 1243 503 1291; x_wconf 87' lang='lat' dir='ltr'>interea</span> <span class='ocrx_word' id='word_1_78' title='bbox 515 1243 632 1290; x_wconf 87' lang='lat' dir='ltr'>revoluta</span> <span class='ocrx_word' id='word_1_79' title='bbox 644 1242 735 1290; x_wconf 89' lang='lat' dir='ltr'>ruebat</span> 
     </span>
     <span class='ocr_line' id='line_1_13' title="bbox 130 1331 730 1393; baseline -0.003 -15"><span class='ocrx_word' id='word_1_80' title='bbox 130 1338 230 1380; x_wconf 86' lang='lat' dir='ltr'>matura</span> <span class='ocrx_word' id='word_1_81' title='bbox 242 1331 295 1379; x_wconf 86' lang='lat' dir='ltr'>iam</span> <span class='ocrx_word' id='word_1_82' title='bbox 307 1333 365 1380; x_wconf 87' lang='lat' dir='ltr'>luce</span> <span class='ocrx_word' id='word_1_83' title='bbox 379 1332 432 1379; x_wconf 89' lang='lat' dir='ltr'>dies</span> <span class='ocrx_word' id='word_1_84' title='bbox 446 1338 600 1393; x_wconf 86' lang='lat' dir='ltr'>noctemque</span> <span class='ocrx_word' id='word_1_85' title='bbox 612 1331 730 1392; x_wconf 80' lang='lat' dir='ltr'>iugarat:</span> 
     </span>
     <span class='ocr_line' id='line_1_14' title="bbox 127 1420 688 1484; baseline -0.002 -16"><span class='ocrx_word' id='word_1_86' title='bbox 127 1421 254 1484; x_wconf 85' lang='lat' dir='ltr'>principio</span> <span class='ocrx_word' id='word_1_87' title='bbox 268 1421 344 1469; x_wconf 85' lang='lat' dir='ltr'>sociis</span> <span class='ocrx_word' id='word_1_88' title='bbox 358 1420 444 1479; x_wconf 84' lang='lat' dir='ltr'>edicit,</span> <span class='ocrx_word' id='word_1_89' title='bbox 459 1421 534 1481; x_wconf 85' lang='lat' dir='ltr'>signa</span> <span class='ocrx_word' id='word_1_90' title='bbox 547 1427 688 1482; x_wconf 88' lang='lat' dir='ltr'>sequantur</span> 
     </span>
     <span class='ocr_line' id='line_1_15' title="bbox 129 1509 831 1572; baseline -0.004 -16"><span class='ocrx_word' id='word_1_91' title='bbox 129 1520 205 1572; x_wconf 84' lang='lat' dir='ltr'>atque</span> <span class='ocrx_word' id='word_1_92' title='bbox 219 1510 319 1558; x_wconf 87' lang='lat' dir='ltr'>animos</span> <span class='ocrx_word' id='word_1_93' title='bbox 333 1515 422 1570; x_wconf 80' lang='lat' dir='ltr'>aptent</span> <span class='ocrx_word' id='word_1_94' title='bbox 434 1509 512 1556; x_wconf 86' lang='lat' dir='ltr'>armis</span> <span class='ocrx_word' id='word_1_95' title='bbox 525 1523 679 1570; x_wconf 83' lang='lat' dir='ltr'>pugnaeque</span> <span class='ocrx_word' id='word_1_96' title='bbox 692 1514 784 1571; x_wconf 91' lang='lat' dir='ltr'>parent</span> <span class='ocrx_word' id='word_1_97' title='bbox 796 1521 831 1555; x_wconf 91' lang='lat' dir='ltr'>se.</span> 
     </span>
     <span class='ocr_line' id='line_1_16' title="bbox 58 1592 854 1658; baseline -0.005 -13"><span class='ocrx_word' id='word_1_98' title='bbox 58 1604 109 1645; x_wconf 80' lang='lat'>260</span> <span class='ocrx_word' id='word_1_99' title='bbox 129 1598 233 1658; x_wconf 87' lang='lat' dir='ltr'>iamque</span> <span class='ocrx_word' id='word_1_100' title='bbox 251 1596 277 1642; x_wconf 91' lang='lat' dir='ltr'>in</span> <span class='ocrx_word' id='word_1_101' title='bbox 296 1603 434 1656; x_wconf 88' lang='lat' dir='ltr'>conspeetu</span> <span class='ocrx_word' id='word_1_102' title='bbox 447 1596 561 1643; x_wconf 85' lang='lat' dir='ltr'>Teucros</span> <span class='ocrx_word' id='word_1_103' title='bbox 575 1592 652 1644; x_wconf 86' lang='lat' dir='ltr'>habet</span> <span class='ocrx_word' id='word_1_104' title='bbox 665 1603 690 1644; x_wconf 89' lang='lat' dir='ltr'>et</span> <span class='ocrx_word' id='word_1_105' title='bbox 702 1611 749 1643; x_wconf 90' lang='lat' dir='ltr'>sua</span> <span class='ocrx_word' id='word_1_106' title='bbox 762 1601 854 1652; x_wconf 84' lang='lat' dir='ltr'>eastra,</span> 
     </span>
     <span class='ocr_line' id='line_1_17' title="bbox 130 1683 858 1744; baseline 0 -14"><span class='ocrx_word' id='word_1_107' title='bbox 130 1692 200 1731; x_wconf 87' lang='lat' dir='ltr'>stans</span> <span class='ocrx_word' id='word_1_108' title='bbox 214 1684 282 1731; x_wconf 88' lang='lat' dir='ltr'>celsa</span> <span class='ocrx_word' id='word_1_109' title='bbox 295 1684 321 1730; x_wconf 89' lang='lat' dir='ltr'>in</span> <span class='ocrx_word' id='word_1_110' title='bbox 335 1684 429 1744; x_wconf 87' lang='lat' dir='ltr'>puppi,</span> <span class='ocrx_word' id='word_1_111' title='bbox 451 1684 563 1744; x_wconf 87' lang='lat' dir='ltr'>elipeum</span> <span class='ocrx_word' id='word_1_112' title='bbox 577 1698 635 1730; x_wconf 90' lang='lat' dir='ltr'>eum</span> <span class='ocrx_word' id='word_1_113' title='bbox 648 1684 742 1732; x_wconf 86' lang='lat' dir='ltr'>deinde</span> <span class='ocrx_word' id='word_1_114' title='bbox 755 1683 858 1730; x_wconf 85' lang='lat' dir='ltr'>sinistra</span> 
     </span>
     <span class='ocr_line' id='line_1_18' title="bbox 131 1771 796 1819; baseline -0.003 -1"><span class='ocrx_word' id='word_1_115' title='bbox 131 1771 222 1819; x_wconf 82' lang='lat' dir='ltr'>extulit</span> <span class='ocrx_word' id='word_1_116' title='bbox 234 1771 374 1818; x_wconf 88' lang='lat' dir='ltr'>ardentem.</span> <span class='ocrx_word' id='word_1_117' title='bbox 404 1771 543 1818; x_wconf 87' lang='lat' dir='ltr'>clamorem</span> <span class='ocrx_word' id='word_1_118' title='bbox 557 1771 588 1818; x_wconf 88' lang='lat' dir='ltr'>ad</span> <span class='ocrx_word' id='word_1_119' title='bbox 602 1771 688 1819; x_wconf 88' lang='lat' dir='ltr'>sidera</span> <span class='ocrx_word' id='word_1_120' title='bbox 700 1771 796 1818; x_wconf 85' lang='lat' dir='ltr'>tollunt</span> 
     </span>
     <span class='ocr_line' id='line_1_19' title="bbox 130 1858 793 1920; baseline -0.003 -14"><span class='ocrx_word' id='word_1_121' title='bbox 130 1859 297 1906; x_wconf 85' lang='lat' dir='ltr'>Dardanidae</span> <span class='ocrx_word' id='word_1_122' title='bbox 311 1859 425 1916; x_wconf 75' lang='lat' dir='ltr'>eminis,</span> <span class='ocrx_word' id='word_1_123' title='bbox 441 1873 499 1920; x_wconf 89' lang='lat' dir='ltr'>spes</span> <span class='ocrx_word' id='word_1_124' title='bbox 513 1858 601 1905; x_wconf 89' lang='lat' dir='ltr'>addita</span> <span class='ocrx_word' id='word_1_125' title='bbox 614 1858 793 1916; x_wconf 73' lang='lat' dir='ltr'>suscitabitur,</span> 
     </span>
     <span class='ocr_line' id='line_1_20' title="bbox 131 1946 757 2010; baseline -0.005 -13"><span class='ocrx_word' id='word_1_126' title='bbox 131 1950 181 1997; x_wconf 86' lang='lat' dir='ltr'>tela</span> <span class='ocrx_word' id='word_1_127' title='bbox 195 1963 273 1996; x_wconf 87' lang='lat' dir='ltr'>manu</span> <span class='ocrx_word' id='word_1_128' title='bbox 286 1948 392 2006; x_wconf 81' lang='lat' dir='ltr'>iaciunt,</span> <span class='ocrx_word' id='word_1_129' title='bbox 409 1948 498 2010; x_wconf 87' lang='lat' dir='ltr'>quales</span> <span class='ocrx_word' id='word_1_130' title='bbox 511 1946 557 1994; x_wconf 87' lang='lat' dir='ltr'>sub</span> <span class='ocrx_word' id='word_1_131' title='bbox 572 1946 682 1994; x_wconf 89' lang='lat' dir='ltr'>nubibus</span> <span class='ocrx_word' id='word_1_132' title='bbox 696 1947 757 1995; x_wconf 84' lang='lat' dir='ltr'>atris</span> 
     </span>
     <span class='ocr_line' id='line_1_21' title="bbox 60 2034 859 2100; baseline -0.009 -13"><span class='ocrx_word' id='word_1_133' title='bbox 60 2045 109 2087; x_wconf 77' lang='lat'>265</span> <span class='ocrx_word' id='word_1_134' title='bbox 131 2037 294 2100; x_wconf 87' lang='lat' dir='ltr'>Strymoniae</span> <span class='ocrx_word' id='word_1_135' title='bbox 308 2037 371 2084; x_wconf 65' lang='lat' dir='ltr'>diunt</span> <span class='ocrx_word' id='word_1_136' title='bbox 382 2037 456 2098; x_wconf 80' lang='lat' dir='ltr'>signa</span> <span class='ocrx_word' id='word_1_137' title='bbox 469 2050 546 2098; x_wconf 88' lang='lat' dir='ltr'>grues</span> <span class='ocrx_word' id='word_1_138' title='bbox 559 2043 636 2098; x_wconf 86' lang='lat' dir='ltr'>atque</span> <span class='ocrx_word' id='word_1_139' title='bbox 645 2034 749 2084; x_wconf 87' lang='lat' dir='ltr'>aethera</span> <span class='ocrx_word' id='word_1_140' title='bbox 755 2041 859 2083; x_wconf 88' lang='lat' dir='ltr'>tranant</span> 
     </span>
     <span class='ocr_line' id='line_1_22' title="bbox 131 2124 808 2187; baseline -0.009 -11"><span class='ocrx_word' id='word_1_141' title='bbox 131 2143 189 2176; x_wconf 87' lang='lat' dir='ltr'>cum</span> <span class='ocrx_word' id='word_1_142' title='bbox 202 2126 288 2173; x_wconf 84' lang='lat' dir='ltr'>sonitu</span> <span class='ocrx_word' id='word_1_143' title='bbox 302 2126 456 2187; x_wconf 85' lang='lat' dir='ltr'>fugiuntque</span> <span class='ocrx_word' id='word_1_144' title='bbox 470 2131 545 2172; x_wconf 87' lang='lat' dir='ltr'>notos</span> <span class='ocrx_word' id='word_1_145' title='bbox 559 2126 672 2173; x_wconf 82' lang='lat' dir='ltr'>clamore</span> <span class='ocrx_word' id='word_1_146' title='bbox 685 2124 808 2172; x_wconf 77' lang='lat' dir='ltr'>seeundo.</span> 
     </span>
     <span class='ocr_line' id='line_1_23' title="bbox 131 2213 717 2276; baseline -0.003 -14"><span class='ocrx_word' id='word_1_147' title='bbox 131 2224 156 2263; x_wconf 91' lang='lat' dir='ltr'>at</span> <span class='ocrx_word' id='word_1_148' title='bbox 169 2216 264 2262; x_wconf 84' lang='lat' dir='ltr'>Rutulo</span> <span class='ocrx_word' id='word_1_149' title='bbox 279 2215 332 2275; x_wconf 83' lang='lat' dir='ltr'>regi</span> <span class='ocrx_word' id='word_1_150' title='bbox 347 2214 505 2276; x_wconf 85' lang='lat' dir='ltr'>ducibusque</span> <span class='ocrx_word' id='word_1_151' title='bbox 519 2230 549 2263; x_wconf 89' lang='lat' dir='ltr'>ea</span> <span class='ocrx_word' id='word_1_152' title='bbox 561 2214 626 2261; x_wconf 87' lang='lat' dir='ltr'>mira</span> <span class='ocrx_word' id='word_1_153' title='bbox 639 2213 717 2261; x_wconf 89' lang='lat' dir='ltr'>rideri</span> 
     </span>
     <span class='ocr_line' id='line_1_24' title="bbox 132 2303 708 2365; baseline 0 -15"><span class='ocrx_word' id='word_1_154' title='bbox 132 2305 263 2361; x_wconf 85' lang='lat' dir='ltr'>Ausoniis,</span> <span class='ocrx_word' id='word_1_155' title='bbox 280 2304 362 2351; x_wconf 88' lang='lat' dir='ltr'>donee</span> <span class='ocrx_word' id='word_1_156' title='bbox 376 2318 460 2350; x_wconf 84' lang='lat' dir='ltr'>versas</span> <span class='ocrx_word' id='word_1_157' title='bbox 473 2304 504 2350; x_wconf 92' lang='lat' dir='ltr'>ad</span> <span class='ocrx_word' id='word_1_158' title='bbox 520 2303 598 2350; x_wconf 87' lang='lat' dir='ltr'>litora</span> <span class='ocrx_word' id='word_1_159' title='bbox 610 2317 708 2365; x_wconf 89' lang='lat' dir='ltr'>puppes</span> 
     </span>
     <span class='ocr_line' id='line_1_25' title="bbox 132 2390 779 2453; baseline -0.003 -15"><span class='ocrx_word' id='word_1_160' title='bbox 132 2393 275 2453; x_wconf 81' lang='lat' dir='ltr'>respiciunt</span> <span class='ocrx_word' id='word_1_161' title='bbox 287 2400 420 2453; x_wconf 84' lang='lat' dir='ltr'>totumque</span> <span class='ocrx_word' id='word_1_162' title='bbox 434 2391 520 2439; x_wconf 84' lang='lat' dir='ltr'>adlabi</span> <span class='ocrx_word' id='word_1_163' title='bbox 535 2390 659 2439; x_wconf 87' lang='lat' dir='ltr'>elassibus</span> <span class='ocrx_word' id='word_1_164' title='bbox 674 2405 779 2452; x_wconf 89' lang='lat' dir='ltr'>aequor.</span> 
     </span>
     <span class='ocr_line' id='line_1_26' title="bbox 61 2478 774 2542; baseline -0.007 -13"><span class='ocrx_word' id='word_1_165' title='bbox 61 2488 112 2529; x_wconf 68' lang='lat' dir='ltr'>‘llll</span> <span class='ocrx_word' id='word_1_166' title='bbox 133 2481 205 2528; x_wconf 88' lang='lat' dir='ltr'>ardet</span> <span class='ocrx_word' id='word_1_167' title='bbox 219 2496 285 2542; x_wconf 85' lang='lat' dir='ltr'>apex</span> <span class='ocrx_word' id='word_1_168' title='bbox 299 2481 375 2542; x_wconf 87' lang='lat' dir='ltr'>capiti</span> <span class='ocrx_word' id='word_1_169' title='bbox 389 2481 523 2542; x_wconf 82' lang='lat' dir='ltr'>cristisque</span> <span class='ocrx_word' id='word_1_170' title='bbox 537 2495 552 2526; x_wconf 89' lang='lat' dir='ltr'>a</span> <span class='ocrx_word' id='word_1_171' title='bbox 565 2479 657 2526; x_wconf 87' lang='lat' dir='ltr'>vertice</span> <span class='ocrx_word' id='word_1_172' title='bbox 670 2478 774 2525; x_wconf 86' lang='lat' dir='ltr'>flamma</span> 
     </span>
     <span class='ocr_line' id='line_1_27' title="bbox 132 2567 774 2625; baseline -0.011 -9"><span class='ocrx_word' id='word_1_173' title='bbox 132 2570 247 2616; x_wconf 89' lang='lat' dir='ltr'>funditur</span> <span class='ocrx_word' id='word_1_174' title='bbox 261 2578 286 2617; x_wconf 83' lang='lat' dir='ltr'>et</span> <span class='ocrx_word' id='word_1_175' title='bbox 298 2578 383 2617; x_wconf 86' lang='lat' dir='ltr'>vastos</span> <span class='ocrx_word' id='word_1_176' title='bbox 396 2570 475 2616; x_wconf 88' lang='lat' dir='ltr'>umbo</span> <span class='ocrx_word' id='word_1_177' title='bbox 489 2568 569 2615; x_wconf 88' lang='lat' dir='ltr'>vomit</span> <span class='ocrx_word' id='word_1_178' title='bbox 582 2582 676 2615; x_wconf 81' lang='lat' dir='ltr'>aureus</span> <span class='ocrx_word' id='word_1_179' title='bbox 687 2567 774 2625; x_wconf 56' lang='lat' dir='ltr'>ignis„</span> 
     </span>
     <span class='ocr_line' id='line_1_28' title="bbox 129 2653 828 2724; baseline -0.013 -20"><span class='ocrx_word' id='word_1_180' title='bbox 129 2673 180 2704; x_wconf 84' lang='lat' dir='ltr'>non</span> <span class='ocrx_word' id='word_1_181' title='bbox 194 2673 268 2706; x_wconf 80' lang='lat' dir='ltr'>secus</span> <span class='ocrx_word' id='word_1_182' title='bbox 282 2675 313 2709; x_wconf 86' lang='lat' dir='ltr'>ao</span> <span class='ocrx_word' id='word_1_183' title='bbox 327 2660 430 2723; x_wconf 84' lang='lat' dir='ltr'>liquida</span> <span class='ocrx_word' id='word_1_184' title='bbox 445 2658 583 2724; x_wconf 82' lang='lat' dir='ltr'>siquando</span> <span class='ocrx_word' id='word_1_185' title='bbox 596 2663 683 2704; x_wconf 65' lang='lat' dir='ltr'>traete</span> <span class='ocrx_word' id='word_1_186' title='bbox 697 2653 828 2697; x_wconf 59' lang='lat' dir='ltr'>onmem</span> 
     </span>
    </p>
   </div>
   <div class='ocr_carea' id='block_1_5' title="bbox 0 0 908 2956">
    <p class='ocr_par' dir='ltr' id='par_1_10' title="bbox 0 0 908 2956">
     <span class='ocr_line' id='line_1_29' title="bbox 0 0 908 2956; baseline 0 0"><span class='ocrx_word' id='word_1_187' title='bbox 0 0 908 2956; x_wconf 95' lang='lat' dir='ltr'> </span> 
     </span>
    </p>
   </div>
  </div>
 </body>
</html>
