<?xml version="1.0" encoding="UTF-8"?>
<!DOCTYPE html PUBLIC "-//W3C//DTD XHTML 1.0 Transitional//EN"
    "http://www.w3.org/TR/xhtml1/DTD/xhtml1-transitional.dtd">
<html xmlns="http://www.w3.org/1999/xhtml" xml:lang="en" lang="en">
 <head>
  <title>
</title>
<meta http-equiv="Content-Type" content="text/html;charset=utf-8" />
  <meta name='ocr-system' content='tesseract 3.04.00' />
  <meta name='ocr-capabilities' content='ocr_page ocr_carea ocr_par ocr_line ocrx_word'/>
</head>
<body>
  <div class='ocr_page' id='page_1' title='image "./pvergiliusmaro00virggoog/pvergiliusmaro00virggoog_0422.png"; bbox 0 0 1808 2956; ppageno 0'>
   <div class='ocr_carea' id='block_1_1' title="bbox 306 194 851 245">
    <p class='ocr_par' dir='ltr' id='par_1_1' title="bbox 306 194 851 245">
     <span class='ocr_line' id='line_1_1' title="bbox 306 194 851 245; baseline -0.004 -1"><span class='ocrx_word' id='word_1_1' title='bbox 306 205 453 245; x_wconf 78' lang='lat' dir='ltr'><strong>nnnnrnos</strong></span> <span class='ocrx_word' id='word_1_2' title='bbox 472 205 560 244; x_wconf 78' lang='lat' dir='ltr'><strong>amna</strong></span> <span class='ocrx_word' id='word_1_3' title='bbox 575 206 607 245; x_wconf 87' lang='lat' dir='ltr'><strong>x.</strong></span> <span class='ocrx_word' id='word_1_4' title='bbox 791 194 851 243; x_wconf 80' lang='lat'><strong>425</strong></span> 
     </span>
    </p>
   </div>
   <div class='ocr_carea' id='block_1_2' title="bbox 55 360 857 1926">
    <p class='ocr_par' dir='ltr' id='par_1_2' title="bbox 55 360 857 1926">
     <span class='ocr_line' id='line_1_2' title="bbox 55 360 720 426; baseline -0.005 -13"><span class='ocrx_word' id='word_1_5' title='bbox 55 370 108 413; x_wconf 85' lang='lat'><strong>300</strong></span> <span class='ocrx_word' id='word_1_6' title='bbox 132 368 333 426; x_wconf 81' lang='lat' dir='ltr'><strong>spumantesque</strong></span> <span class='ocrx_word' id='word_1_7' title='bbox 345 369 412 411; x_wconf 88' lang='lat' dir='ltr'><strong>rates</strong></span> <span class='ocrx_word' id='word_1_8' title='bbox 426 362 492 410; x_wconf 86' lang='lat' dir='ltr'><strong>arvis</strong></span> <span class='ocrx_word' id='word_1_9' title='bbox 505 361 598 410; x_wconf 83' lang='lat' dir='ltr'><strong>inferre</strong></span> <span class='ocrx_word' id='word_1_10' title='bbox 611 360 720 421; x_wconf 87' lang='lat' dir='ltr'><strong>Latinis,</strong></span> 
     </span>
     <span class='ocr_line' id='line_1_3' title="bbox 130 451 774 523; baseline 0 -23"><span class='ocrx_word' id='word_1_11' title='bbox 130 453 214 500; x_wconf 88' lang='lat' dir='ltr'><strong>donee</strong></span> <span class='ocrx_word' id='word_1_12' title='bbox 227 457 310 499; x_wconf 90' lang='lat' dir='ltr'><strong>rostra</strong></span> <span class='ocrx_word' id='word_1_13' title='bbox 323 457 410 500; x_wconf 87' lang='lat' dir='ltr'><strong>tenent</strong></span> <span class='ocrx_word' id='word_1_14' title='bbox 422 451 519 500; x_wconf 88' lang='lat' dir='ltr'><strong>siecum</strong></span> <span class='ocrx_word' id='word_1_15' title='bbox 532 457 557 500; x_wconf 87' lang='lat' dir='ltr'><strong>et</strong></span> <span class='ocrx_word' id='word_1_16' title='bbox 569 451 657 499; x_wconf 82' lang='lat' dir='ltr'><strong>sedere</strong></span> <span class='ocrx_word' id='word_1_17' title='bbox 671 451 774 523; x_wconf 82' lang='lat' dir='ltr'><strong>carinae</strong></span> 
     </span>
     <span class='ocr_line' id='line_1_4' title="bbox 129 538 824 603; baseline -0.001 -15"><span class='ocrx_word' id='word_1_18' title='bbox 129 554 219 588; x_wconf 86' lang='lat' dir='ltr'><strong>omnes</strong></span> <span class='ocrx_word' id='word_1_19' title='bbox 232 540 368 588; x_wconf 82' lang='lat' dir='ltr'><strong>innocuae.</strong></span> <span class='ocrx_word' id='word_1_20' title='bbox 396 541 441 588; x_wconf 89' lang='lat' dir='ltr'><strong>sed</strong></span> <span class='ocrx_word' id='word_1_21' title='bbox 455 554 508 588; x_wconf 91' lang='lat' dir='ltr'><strong>non</strong></span> <span class='ocrx_word' id='word_1_22' title='bbox 520 540 613 603; x_wconf 84' lang='lat' dir='ltr'>puppis</span> <span class='ocrx_word' id='word_1_23' title='bbox 626 546 679 597; x_wconf 93' lang='lat' dir='ltr'><strong>tua,</strong></span> <span class='ocrx_word' id='word_1_24' title='bbox 694 538 824 587; x_wconf 82' lang='lat' dir='ltr'><strong>Tarchon.</strong></span> 
     </span>
     <span class='ocr_line' id='line_1_5' title="bbox 128 628 806 692; baseline -0.001 -15"><span class='ocrx_word' id='word_1_25' title='bbox 128 643 241 692; x_wconf 88' lang='lat' dir='ltr'><strong>namque</strong></span> <span class='ocrx_word' id='word_1_26' title='bbox 254 628 352 676; x_wconf 87' lang='lat' dir='ltr'><strong>inflicta</strong></span> <span class='ocrx_word' id='word_1_27' title='bbox 364 628 422 677; x_wconf 87' lang='lat' dir='ltr'><strong>vadi</strong></span> <span class='ocrx_word' id='word_1_28' title='bbox 436 629 512 677; x_wconf 84' lang='lat' dir='ltr'><strong>dorso</strong></span> <span class='ocrx_word' id='word_1_29' title='bbox 526 629 587 676; x_wconf 90' lang='lat' dir='ltr'><strong>dum</strong></span> <span class='ocrx_word' id='word_1_30' title='bbox 599 628 695 691; x_wconf 80' lang='lat' dir='ltr'><strong>pendet</strong></span> <span class='ocrx_word' id='word_1_31' title='bbox 707 628 806 691; x_wconf 91' lang='lat' dir='ltr'><strong>iniquo,</strong></span> 
     </span>
     <span class='ocr_line' id='line_1_6' title="bbox 129 716 706 781; baseline -0.007 -14"><span class='ocrx_word' id='word_1_32' title='bbox 129 733 225 781; x_wconf 80' lang='lat' dir='ltr'><strong>anceps</strong></span> <span class='ocrx_word' id='word_1_33' title='bbox 239 723 381 764; x_wconf 86' lang='lat' dir='ltr'><strong>sustentata</strong></span> <span class='ocrx_word' id='word_1_34' title='bbox 394 717 437 764; x_wconf 85' lang='lat' dir='ltr'><strong>diu</strong></span> <span class='ocrx_word' id='word_1_35' title='bbox 450 717 593 779; x_wconf 88' lang='lat' dir='ltr'><strong>fluctusque</strong></span> <span class='ocrx_word' id='word_1_36' title='bbox 606 716 706 777; x_wconf 84' lang='lat' dir='ltr'><strong>fatigat,</strong></span> 
     </span>
     <span class='ocr_line' id='line_1_7' title="bbox 55 804 775 868; baseline -0.008 -11"><span class='ocrx_word' id='word_1_37' title='bbox 55 813 108 857; x_wconf 87' lang='lat'><strong>305</strong></span> <span class='ocrx_word' id='word_1_38' title='bbox 128 807 236 855; x_wconf 88' lang='lat' dir='ltr'><strong>solvitur</strong></span> <span class='ocrx_word' id='word_1_39' title='bbox 249 813 326 867; x_wconf 87' lang='lat' dir='ltr'><strong>atque</strong></span> <span class='ocrx_word' id='word_1_40' title='bbox 339 804 406 853; x_wconf 90' lang='lat' dir='ltr'><strong>viros</strong></span> <span class='ocrx_word' id='word_1_41' title='bbox 420 805 510 854; x_wconf 89' lang='lat' dir='ltr'><strong>mediis</strong></span> <span class='ocrx_word' id='word_1_42' title='bbox 524 805 631 868; x_wconf 86' lang='lat' dir='ltr'><strong>exponit</strong></span> <span class='ocrx_word' id='word_1_43' title='bbox 643 804 670 851; x_wconf 91' lang='lat' dir='ltr'><strong>in</strong></span> <span class='ocrx_word' id='word_1_44' title='bbox 682 805 775 864; x_wconf 84' lang='lat' dir='ltr'><strong>undis;</strong></span> 
     </span>
     <span class='ocr_line' id='line_1_8' title="bbox 128 893 777 956; baseline -0.002 -14"><span class='ocrx_word' id='word_1_45' title='bbox 128 895 257 956; x_wconf 86' lang='lat' dir='ltr'><strong>fragmina</strong></span> <span class='ocrx_word' id='word_1_46' title='bbox 270 908 398 942; x_wconf 85' lang='lat' dir='ltr'><strong>remorum</strong></span> <span class='ocrx_word' id='word_1_47' title='bbox 411 909 476 956; x_wconf 83' lang='lat' dir='ltr'><strong>quos</strong></span> <span class='ocrx_word' id='word_1_48' title='bbox 490 901 514 942; x_wconf 91' lang='lat' dir='ltr'><strong>et</strong></span> <span class='ocrx_word' id='word_1_49' title='bbox 526 893 653 942; x_wconf 85' lang='lat' dir='ltr'><strong>fluitantia</strong></span> <span class='ocrx_word' id='word_1_50' title='bbox 665 900 777 941; x_wconf 90' lang='lat' dir='ltr'><strong>transtra</strong></span> 
     </span>
     <span class='ocr_line' id='line_1_9' title="bbox 112 969 853 1045; baseline -0.003 -15"><span class='ocrx_word' id='word_1_51' title='bbox 112 969 114 973; x_wconf 39' lang='grc'>’</span> <span class='ocrx_word' id='word_1_52' title='bbox 128 983 264 1045; x_wconf 90' lang='lat' dir='ltr'><strong>inpediunt</strong></span> <span class='ocrx_word' id='word_1_53' title='bbox 276 981 435 1044; x_wconf 83' lang='lat' dir='ltr'><strong>retrahitque</strong></span> <span class='ocrx_word' id='word_1_54' title='bbox 448 983 540 1045; x_wconf 83' lang='lat' dir='ltr'><strong>pedam</strong></span> <span class='ocrx_word' id='word_1_55' title='bbox 554 982 629 1030; x_wconf 93' lang='lat' dir='ltr'><strong>simul</strong></span> <span class='ocrx_word' id='word_1_56' title='bbox 643 982 713 1028; x_wconf 89' lang='lat' dir='ltr'><strong>unda</strong></span> <span class='ocrx_word' id='word_1_57' title='bbox 726 981 853 1030; x_wconf 88' lang='lat' dir='ltr'><strong>relabens.</strong></span> 
     </span>
     <span class='ocr_line' id='line_1_10' title="bbox 163 1070 857 1133; baseline 0.001 -15"><span class='ocrx_word' id='word_1_58' title='bbox 163 1071 217 1119; x_wconf 86' lang='lat' dir='ltr'><strong>Nec</strong></span> <span class='ocrx_word' id='word_1_59' title='bbox 230 1071 346 1118; x_wconf 89' lang='lat' dir='ltr'><strong>Turnum</strong></span> <span class='ocrx_word' id='word_1_60' title='bbox 359 1071 445 1132; x_wconf 87' lang='lat' dir='ltr'><strong>segnis</strong></span> <span class='ocrx_word' id='word_1_61' title='bbox 459 1071 551 1119; x_wconf 86' lang='lat' dir='ltr'><strong>retinet</strong></span> <span class='ocrx_word' id='word_1_62' title='bbox 563 1085 644 1130; x_wconf 86' lang='lat' dir='ltr'><strong>mora,</strong></span> <span class='ocrx_word' id='word_1_63' title='bbox 660 1071 704 1118; x_wconf 84' lang='lat' dir='ltr'><strong>sed</strong></span> <span class='ocrx_word' id='word_1_64' title='bbox 718 1070 786 1133; x_wconf 89' lang='lat' dir='ltr'><strong>rapit</strong></span> <span class='ocrx_word' id='word_1_65' title='bbox 798 1085 857 1119; x_wconf 88' lang='lat' dir='ltr'><strong>acer</strong></span> 
     </span>
     <span class='ocr_line' id='line_1_11' title="bbox 129 1159 827 1208; baseline 0 -2"><span class='ocrx_word' id='word_1_66' title='bbox 129 1165 211 1206; x_wconf 89' lang='lat' dir='ltr'><strong>totam</strong></span> <span class='ocrx_word' id='word_1_67' title='bbox 223 1159 304 1208; x_wconf 84' lang='lat' dir='ltr'><strong>aciem</strong></span> <span class='ocrx_word' id='word_1_68' title='bbox 317 1159 344 1206; x_wconf 96' lang='lat' dir='ltr'><strong>in</strong></span> <span class='ocrx_word' id='word_1_69' title='bbox 358 1160 471 1208; x_wconf 84' lang='lat' dir='ltr'><strong>Teucros</strong></span> <span class='ocrx_word' id='word_1_70' title='bbox 485 1167 510 1208; x_wconf 91' lang='lat' dir='ltr'><strong>et</strong></span> <span class='ocrx_word' id='word_1_71' title='bbox 523 1167 613 1208; x_wconf 90' lang='lat' dir='ltr'><strong>contra</strong></span> <span class='ocrx_word' id='word_1_72' title='bbox 626 1160 653 1206; x_wconf 94' lang='lat' dir='ltr'><strong>in</strong></span> <span class='ocrx_word' id='word_1_73' title='bbox 666 1159 740 1207; x_wconf 89' lang='lat' dir='ltr'><strong>litore</strong></span> <span class='ocrx_word' id='word_1_74' title='bbox 753 1159 827 1207; x_wconf 85' lang='lat' dir='ltr'><strong>sistit.</strong></span> 
     </span>
     <span class='ocr_line' id='line_1_12' title="bbox 56 1248 781 1311; baseline -0.003 -13"><span class='ocrx_word' id='word_1_75' title='bbox 56 1254 110 1298; x_wconf 85' lang='lat'><strong>310</strong></span> <span class='ocrx_word' id='word_1_76' title='bbox 130 1248 204 1310; x_wconf 89' lang='lat' dir='ltr'><strong>signa</strong></span> <span class='ocrx_word' id='word_1_77' title='bbox 217 1256 320 1296; x_wconf 83' lang='lat' dir='ltr'><strong>canunt.</strong></span> <span class='ocrx_word' id='word_1_78' title='bbox 348 1249 445 1311; x_wconf 88' lang='lat' dir='ltr'><strong>primus</strong></span> <span class='ocrx_word' id='word_1_79' title='bbox 459 1256 555 1296; x_wconf 85' lang='lat' dir='ltr'><strong>turmas</strong></span> <span class='ocrx_word' id='word_1_80' title='bbox 569 1248 662 1296; x_wconf 88' lang='lat' dir='ltr'><strong>invasit</strong></span> <span class='ocrx_word' id='word_1_81' title='bbox 674 1248 781 1310; x_wconf 84' lang='lat' dir='ltr'><strong>agrestis</strong></span> 
     </span>
     <span class='ocr_line' id='line_1_13' title="bbox 128 1337 743 1400; baseline -0.002 -15"><span class='ocrx_word' id='word_1_82' title='bbox 128 1337 241 1396; x_wconf 84' lang='lat' dir='ltr'><strong>Aeneas,</strong></span> <span class='ocrx_word' id='word_1_83' title='bbox 257 1352 331 1386; x_wconf 90' lang='lat' dir='ltr'><strong>omen</strong></span> <span class='ocrx_word' id='word_1_84' title='bbox 346 1352 458 1400; x_wconf 80' lang='lat' dir='ltr'><strong>pugnae,</strong></span> <span class='ocrx_word' id='word_1_85' title='bbox 474 1338 613 1400; x_wconf 87' lang='lat' dir='ltr'><strong>stravitque</strong></span> <span class='ocrx_word' id='word_1_86' title='bbox 625 1337 743 1396; x_wconf 83' lang='lat' dir='ltr'><strong>Latinos,</strong></span> 
     </span>
     <span class='ocr_line' id='line_1_14' title="bbox 128 1426 736 1489; baseline -0.002 -16"><span class='ocrx_word' id='word_1_87' title='bbox 128 1426 214 1474; x_wconf 86' lang='lat' dir='ltr'><strong>occiso</strong></span> <span class='ocrx_word' id='word_1_88' title='bbox 228 1426 358 1485; x_wconf 82' lang='lat' dir='ltr'><strong>Therone,</strong></span> <span class='ocrx_word' id='word_1_89' title='bbox 374 1427 456 1474; x_wconf 86' lang='lat' dir='ltr'><strong>virum</strong></span> <span class='ocrx_word' id='word_1_90' title='bbox 470 1427 513 1489; x_wconf 92' lang='lat' dir='ltr'><strong>qui</strong></span> <span class='ocrx_word' id='word_1_91' title='bbox 527 1426 655 1473; x_wconf 84' lang='lat' dir='ltr'><strong>maximus</strong></span> <span class='ocrx_word' id='word_1_92' title='bbox 668 1426 736 1473; x_wconf 93' lang='lat' dir='ltr'><strong>ultro</strong></span> 
     </span>
     <span class='ocr_line' id='line_1_15' title="bbox 128 1514 790 1576; baseline -0.002 -14"><span class='ocrx_word' id='word_1_93' title='bbox 128 1516 237 1562; x_wconf 86' lang='lat' dir='ltr'><strong>Aenean</strong></span> <span class='ocrx_word' id='word_1_94' title='bbox 251 1514 323 1576; x_wconf 90' lang='lat' dir='ltr'><strong>petit.</strong></span> <span class='ocrx_word' id='word_1_95' title='bbox 352 1515 412 1562; x_wconf 89' lang='lat' dir='ltr'><strong>huic</strong></span> <span class='ocrx_word' id='word_1_96' title='bbox 425 1515 513 1575; x_wconf 84' lang='lat' dir='ltr'><strong>gladio</strong></span> <span class='ocrx_word' id='word_1_97' title='bbox 526 1528 623 1576; x_wconf 86' lang='lat' dir='ltr'><strong>perque</strong></span> <span class='ocrx_word' id='word_1_98' title='bbox 637 1528 712 1562; x_wconf 84' lang='lat' dir='ltr'><strong>aerea</strong></span> <span class='ocrx_word' id='word_1_99' title='bbox 724 1521 790 1573; x_wconf 87' lang='lat' dir='ltr'><strong>suta,</strong></span> 
     </span>
     <span class='ocr_line' id='line_1_16' title="bbox 129 1602 856 1664; baseline 0.001 -15"><span class='ocrx_word' id='word_1_100' title='bbox 129 1617 174 1664; x_wconf 91' lang='lat' dir='ltr'><strong>per</strong></span> <span class='ocrx_word' id='word_1_101' title='bbox 188 1602 302 1650; x_wconf 89' lang='lat' dir='ltr'><strong>tunicam</strong></span> <span class='ocrx_word' id='word_1_102' title='bbox 321 1603 482 1663; x_wconf 82' lang='lat' dir='ltr'><strong>squalentem</strong></span> <span class='ocrx_word' id='word_1_103' title='bbox 502 1616 580 1659; x_wconf 86' lang='lat' dir='ltr'><strong>auro,</strong></span> <span class='ocrx_word' id='word_1_104' title='bbox 603 1602 671 1648; x_wconf 88' lang='lat' dir='ltr'><strong>latus</strong></span> <span class='ocrx_word' id='word_1_105' title='bbox 685 1602 771 1650; x_wconf 84' lang='lat' dir='ltr'><strong>haurit</strong></span> <span class='ocrx_word' id='word_1_106' title='bbox 783 1616 856 1664; x_wconf 89' lang='lat' dir='ltr'><strong>aper·</strong></span> 
     </span>
     <span class='ocr_line' id='line_1_17' title="bbox 431 1696 493 1737; baseline 0 -1"><span class='ocrx_word' id='word_1_107' title='bbox 431 1696 493 1737; x_wconf 91' lang='lat' dir='ltr'><strong>tum.</strong></span> 
     </span>
     <span class='ocr_line' id='line_1_18' title="bbox 57 1777 821 1840; baseline -0.007 -11"><span class='ocrx_word' id='word_1_108' title='bbox 57 1785 108 1829; x_wconf 86' lang='lat'><strong>315</strong></span> <span class='ocrx_word' id='word_1_109' title='bbox 129 1779 190 1827; x_wconf 90' lang='lat' dir='ltr'><strong>inde</strong></span> <span class='ocrx_word' id='word_1_110' title='bbox 203 1778 303 1826; x_wconf 87' lang='lat' dir='ltr'><strong>Lichan</strong></span> <span class='ocrx_word' id='word_1_111' title='bbox 317 1778 383 1836; x_wconf 86' lang='lat' dir='ltr'><strong>ferit,</strong></span> <span class='ocrx_word' id='word_1_112' title='bbox 400 1785 516 1826; x_wconf 86' lang='lat' dir='ltr'><strong>exectum</strong></span> <span class='ocrx_word' id='word_1_113' title='bbox 529 1777 582 1825; x_wconf 86' lang='lat' dir='ltr'><strong>iarn</strong></span> <span class='ocrx_word' id='word_1_114' title='bbox 595 1783 675 1824; x_wconf 88' lang='lat' dir='ltr'><strong>matre</strong></span> <span class='ocrx_word' id='word_1_115' title='bbox 688 1784 821 1840; x_wconf 87' lang='lat' dir='ltr'><strong>perempta</strong></span> 
     </span>
     <span class='ocr_line' id='line_1_19' title="bbox 126 1864 762 1926; baseline -0.006 -10"><span class='ocrx_word' id='word_1_116' title='bbox 126 1876 154 1916; x_wconf 90' lang='lat' dir='ltr'><strong>-et</strong></span> <span class='ocrx_word' id='word_1_117' title='bbox 166 1867 223 1926; x_wconf 88' lang='lat' dir='ltr'><strong>tibi,</strong></span> <span class='ocrx_word' id='word_1_118' title='bbox 238 1866 351 1926; x_wconf 85' lang='lat' dir='ltr'><strong>Phoebe,</strong></span> <span class='ocrx_word' id='word_1_119' title='bbox 368 1881 478 1924; x_wconf 85' lang='lat' dir='ltr'><strong>sacrum,</strong></span> <span class='ocrx_word' id='word_1_120' title='bbox 495 1879 568 1914; x_wconf 86' lang='lat' dir='ltr'><strong>casus</strong></span> <span class='ocrx_word' id='word_1_121' title='bbox 583 1866 689 1913; x_wconf 87' lang='lat' dir='ltr'><strong>evadere</strong></span> <span class='ocrx_word' id='word_1_122' title='bbox 702 1864 762 1913; x_wconf 85' lang='lat' dir='ltr'><strong>ferri</strong></span> 
     </span>
    </p>
   </div>
   <div class='ocr_carea' id='block_1_3' title="bbox 130 1953 774 2019">
    <p class='ocr_par' dir='ltr' id='par_1_3' title="bbox 130 1953 774 2019">
     <span class='ocr_line' id='line_1_20' title="bbox 130 1953 774 2019; baseline -0.006 -15"><span class='ocrx_word' id='word_1_123' title='bbox 130 1957 199 2019; x_wconf 90' lang='lat' dir='ltr'><strong>quod</strong></span> <span class='ocrx_word' id='word_1_124' title='bbox 213 1955 287 2004; x_wconf 89' lang='lat' dir='ltr'><strong>licuit</strong></span> <span class='ocrx_word' id='word_1_125' title='bbox 299 1970 386 2017; x_wconf 87' lang='lat' dir='ltr'><strong>parvo.</strong></span> <span class='ocrx_word' id='word_1_126' title='bbox 415 1970 463 2003; x_wconf 80' lang='lat' dir='ltr'><strong>nec.</strong></span> <span class='ocrx_word' id='word_1_127' title='bbox 476 1956 561 2016; x_wconf 86' lang='lat' dir='ltr'><strong>longe,</strong></span> <span class='ocrx_word' id='word_1_128' title='bbox 579 1953 669 2002; x_wconf 86' lang='lat' dir='ltr'><strong>Cissea</strong></span> <span class='ocrx_word' id='word_1_129' title='bbox 681 1954 774 2001; x_wconf 90' lang='lat' dir='ltr'><strong>durum</strong></span> 
     </span>
    </p>
   </div>
   <div class='ocr_carea' id='block_1_4' title="bbox 57 2043 827 2640">
    <p class='ocr_par' dir='ltr' id='par_1_4' title="bbox 127 2043 771 2182">
     <span class='ocr_line' id='line_1_21' title="bbox 127 2043 771 2106; baseline -0.003 -14"><span class='ocrx_word' id='word_1_130' title='bbox 127 2046 311 2106; x_wconf 87' lang='lat' dir='ltr'><strong>inmanemque</strong></span> <span class='ocrx_word' id='word_1_131' title='bbox 325 2043 408 2106; x_wconf 86' lang='lat' dir='ltr'><strong>Gyan,</strong></span> <span class='ocrx_word' id='word_1_132' title='bbox 423 2043 558 2092; x_wconf 86' lang='lat' dir='ltr'><strong>sternentis</strong></span> <span class='ocrx_word' id='word_1_133' title='bbox 573 2043 678 2104; x_wconf 84' lang='lat' dir='ltr'><strong>agmina</strong></span> <span class='ocrx_word' id='word_1_134' title='bbox 690 2044 771 2102; x_wconf 85' lang='lat' dir='ltr'><strong>clava,</strong></span> 
     </span>
     <span class='ocr_line' id='line_1_22' title="bbox 129 2132 685 2182; baseline 0.002 -2"><span class='ocrx_word' id='word_1_135' title='bbox 129 2133 223 2182; x_wconf 84' lang='lat' dir='ltr'><strong>deiecit</strong></span> <span class='ocrx_word' id='word_1_136' title='bbox 235 2133 314 2182; x_wconf 92' lang='lat' dir='ltr'><strong>Leto:</strong></span> <span class='ocrx_word' id='word_1_137' title='bbox 330 2133 395 2180; x_wconf 89' lang='lat' dir='ltr'><strong>nihil</strong></span> <span class='ocrx_word' id='word_1_138' title='bbox 409 2133 468 2180; x_wconf 91' lang='lat' dir='ltr'><strong>illos</strong></span> <span class='ocrx_word' id='word_1_139' title='bbox 482 2132 600 2180; x_wconf 90' lang='lat' dir='ltr'><strong>Herculis</strong></span> <span class='ocrx_word' id='word_1_140' title='bbox 614 2146 685 2181; x_wconf 89' lang='lat' dir='ltr'><strong>arma</strong></span> 
     </span>
    </p>

    <p class='ocr_par' dir='ltr' id='par_1_5' title="bbox 57 2221 827 2640">
     <span class='ocr_line' id='line_1_23' title="bbox 57 2221 827 2284; baseline -0.001 -16"><span class='ocrx_word' id='word_1_141' title='bbox 57 2227 108 2268; x_wconf 79' lang='lat'><strong>320</strong></span> <span class='ocrx_word' id='word_1_142' title='bbox 128 2236 176 2270; x_wconf 90' lang='lat' dir='ltr'><strong>nec</strong></span> <span class='ocrx_word' id='word_1_143' title='bbox 188 2223 289 2270; x_wconf 82' lang='lat' dir='ltr'><strong>validae</strong></span> <span class='ocrx_word' id='word_1_144' title='bbox 303 2222 390 2271; x_wconf 91' lang='lat' dir='ltr'><strong>iuvere</strong></span> <span class='ocrx_word' id='word_1_145' title='bbox 402 2237 493 2269; x_wconf 87' lang='lat' dir='ltr'><strong>manus</strong></span> <span class='ocrx_word' id='word_1_146' title='bbox 506 2221 659 2283; x_wconf 86' lang='lat' dir='ltr'><strong>genitorque</strong></span> <span class='ocrx_word' id='word_1_147' title='bbox 672 2221 827 2284; x_wconf 86' lang='lat' dir='ltr'><strong>Melampus,</strong></span> 
     </span>
     <span class='ocr_line' id='line_1_24' title="bbox 128 2309 799 2374; baseline 0 -18"><span class='ocrx_word' id='word_1_148' title='bbox 128 2310 237 2358; x_wconf 86' lang='lat' dir='ltr'><strong>Alcidae</strong></span> <span class='ocrx_word' id='word_1_149' title='bbox 251 2326 337 2361; x_wconf 89' lang='lat' dir='ltr'><strong>comes</strong></span> <span class='ocrx_word' id='word_1_150' title='bbox 351 2326 431 2374; x_wconf 89' lang='lat' dir='ltr'><strong>usque</strong></span> <span class='ocrx_word' id='word_1_151' title='bbox 445 2310 529 2372; x_wconf 81' lang='lat' dir='ltr'><strong>gravis</strong></span> <span class='ocrx_word' id='word_1_152' title='bbox 543 2311 604 2357; x_wconf 90' lang='lat' dir='ltr'><strong>dum</strong></span> <span class='ocrx_word' id='word_1_153' title='bbox 617 2318 684 2358; x_wconf 91' lang='lat' dir='ltr'><strong>terra</strong></span> <span class='ocrx_word' id='word_1_154' title='bbox 697 2309 799 2357; x_wconf 84' lang='lat' dir='ltr'><strong>labores</strong></span> 
     </span>
     <span class='ocr_line' id='line_1_25' title="bbox 129 2398 820 2460; baseline 0.001 -16"><span class='ocrx_word' id='word_1_155' title='bbox 129 2398 255 2460; x_wconf 84' lang='lat' dir='ltr'><strong>praebuit.</strong></span> <span class='ocrx_word' id='word_1_156' title='bbox 284 2400 449 2458; x_wconf 68' lang='lat' dir='ltr'><strong>accerbam,</strong></span> <span class='ocrx_word' id='word_1_157' title='bbox 464 2413 539 2447; x_wconf 87' lang='lat' dir='ltr'><strong>voces</strong></span> <span class='ocrx_word' id='word_1_158' title='bbox 553 2400 613 2446; x_wconf 91' lang='lat' dir='ltr'><strong>dum</strong></span> <span class='ocrx_word' id='word_1_159' title='bbox 626 2399 705 2446; x_wconf 86' lang='lat' dir='ltr'><strong>iactat</strong></span> <span class='ocrx_word' id='word_1_160' title='bbox 717 2398 820 2457; x_wconf 77' lang='lat' dir='ltr'><strong>inantea,</strong></span> 
     </span>
     <span class='ocr_line' id='line_1_26' title="bbox 128 2487 726 2550; baseline -0.003 -15"><span class='ocrx_word' id='word_1_161' title='bbox 128 2488 278 2550; x_wconf 85' lang='lat' dir='ltr'><strong>intorquens</strong></span> <span class='ocrx_word' id='word_1_162' title='bbox 292 2489 405 2536; x_wconf 87' lang='lat' dir='ltr'><strong>iaculum</strong></span> <span class='ocrx_word' id='word_1_163' title='bbox 419 2488 541 2537; x_wconf 86' lang='lat' dir='ltr'><strong>clamanti</strong></span> <span class='ocrx_word' id='word_1_164' title='bbox 554 2487 660 2535; x_wconf 85' lang='lat' dir='ltr'><strong>sistitin</strong></span> <span class='ocrx_word' id='word_1_165' title='bbox 674 2501 726 2534; x_wconf 88' lang='lat' dir='ltr'><strong>ore.</strong></span> 
     </span>
     <span class='ocr_line' id='line_1_27' title="bbox 129 2574 769 2640; baseline -0.009 -16"><span class='ocrx_word' id='word_1_166' title='bbox 129 2585 156 2624; x_wconf 91' lang='lat' dir='ltr'><strong>tu</strong></span> <span class='ocrx_word' id='word_1_167' title='bbox 170 2592 282 2639; x_wconf 85' lang='lat' dir='ltr'><strong>quoque,</strong></span> <span class='ocrx_word' id='word_1_168' title='bbox 299 2577 433 2625; x_wconf 88' lang='lat' dir='ltr'><strong>flaventem</strong></span> <span class='ocrx_word' id='word_1_169' title='bbox 446 2577 530 2640; x_wconf 87' lang='lat' dir='ltr'><strong>prima</strong></span> <span class='ocrx_word' id='word_1_170' title='bbox 542 2574 670 2637; x_wconf 80' lang='lat' dir='ltr'><strong>lanugine</strong></span> <span class='ocrx_word' id='word_1_171' title='bbox 678 2576 769 2621; x_wconf 77' lang='lat' dir='ltr'><strong>malas</strong></span> 
     </span>
    </p>
   </div>
   <div class='ocr_carea' id='block_1_5' title="bbox 53 2649 893 2735">
    <p class='ocr_par' dir='ltr' id='par_1_6' title="bbox 53 2649 893 2735">
     <span class='ocr_line' id='line_1_28' title="bbox 53 2649 893 2735; baseline -0.023 -21"><span class='ocrx_word' id='word_1_172' title='bbox 53 2672 105 2715; x_wconf 79' lang='lat'><strong>325</strong></span> <span class='ocrx_word' id='word_1_173' title='bbox 124 2667 184 2715; x_wconf 80' lang='lat' dir='ltr'><strong>dum</strong></span> <span class='ocrx_word' id='word_1_174' title='bbox 197 2668 313 2732; x_wconf 85' lang='lat' dir='ltr'><strong>sequeris</strong></span> <span class='ocrx_word' id='word_1_175' title='bbox 322 2666 443 2735; x_wconf 85' lang='lat' dir='ltr'><strong>Clytium</strong></span> <span class='ocrx_word' id='word_1_176' title='bbox 453 2667 564 2729; x_wconf 66' lang='lat' dir='ltr'><strong>infelix,</strong></span> <span class='ocrx_word' id='word_1_177' title='bbox 577 2649 893 2722; x_wconf 56' lang='lat' dir='ltr'><strong>noaaganhxa,ffiunon</strong></span> 
     </span>
    </p>
   </div>
   <div class='ocr_carea' id='block_1_6' title="bbox 0 0 911 2956">
    <p class='ocr_par' dir='ltr' id='par_1_7' title="bbox 0 0 911 2956">
     <span class='ocr_line' id='line_1_29' title="bbox 0 0 911 2956; baseline 0 0"><span class='ocrx_word' id='word_1_178' title='bbox 0 0 911 2956; x_wconf 95' lang='lat' dir='ltr'><strong> </strong></span> 
     </span>
    </p>
   </div>
  </div>
 </body>
</html>
