1808 2956
383 139 467 179 ernis.
759 132 817 179 559

46 306 74 348 55
96 300 156 362 quid
172 300 265 357 diuam,
286 314 368 361 quove
381 313 444 346 aitsa
456 298 553 345 malum
567 299 616 346 hoe
629 298 749 346 exordiar·
761 297 822 346 ore?

94 389 178 436 dicam
186 388 314 449 equidem,
324 388 498 449 quoniamque
505 387 551 434 tibi
561 402 611 434 uon
621 387 713 444 dicere,
724 387 819 447 nutrix,

92 491 144 524 nen
159 477 231 533 sinis,
245 485 384 524 extremum
401 476 449 523 hee
463 491 555 523 munus
569 476 701 524 morientis
714 475 819 524 habeto.

93 567 137 613 iile
152 566 246 628 (vides)
261 566 353 612 nestris
367 566 410 626 qui
425 565 559 613 moenibus
573 565 674 613 adsidet
688 564 777 622 hostis,

93 669 169 717 quem
182 662 255 716 puter
269 655 323 716 ipse
337 654 412 701 deum
427 654 518 716 sceptri
535 653 639 700 donavit
652 653 759 711 honore,

46 748 72 792 io
93 743 133 790 eui
147 757 240 805 parcae
254 742 364 789 tribuere
377 757 424 788 nee
439 742 491 788 nile
506 742 608 788 vulnere
622 741 689 788 laedi

93 831 242 893 (dicendum
257 836 302 888 est,
319 830 412 877 frustra
426 829 603 877 circumveher
616 830 704 886 omnia
715 828 819 891 verbis),

92 920 137 967 ille
150 934 216 977 mea,
233 920 276 966 iile
289 920 357 966 idem
372 925 506 980 oppugnat
518 919 670 981 praecordia
682 918 776 966 Minos.

93 1009 162 1069 quod
176 1022 221 1069 per
234 1016 257 1054 te
272 1008 358 1054 dirum
372 1007 474 1054 crebros
488 1015 610 1054 testamur
623 1021 723 1054 amores

92 1110 188 1158 perque
203 1103 273 1143 tuum
282 1095 387 1144 inemori
397 1103 513 1143 sanetum
522 1095 584 1142 mihi
592 1103 680 1157 peetus
689 1095 819 1152 alumnae,

46 1189 71 1231 {5
91 1190 119 1230 ut
132 1198 181 1242 me,
197 1185 218 1231 si
232 1199 332 1232 servare
345 1192 426 1246 potes,
443 1199 475 1232 ne
488 1185 595 1247 perdere
608 1184 700 1242 malis;

91 1273 130 1319 sin
145 1280 229 1321 autem
244 1280 346 1336 optatae
360 1289 418 1336 spes
433 1281 471 1321 est
483 1274 564 1322 ineisa
577 1274 676 1332 salutis,

91 1376 123 1408 ne
137 1361 199 1408 mihi
213 1378 291 1423 quam
304 1363 384 1410 merui
399 1364 522 1420 invideas,
544 1363 682 1420 nutricula,
700 1368 818 1409 mortem.

92 1464 152 1495 nam
167 1450 215 1496 nisi
229 1458 253 1498 te
267 1451 340 1498 nobis
354 1453 451 1509 malus,
468 1468 482 1499 0
497 1453 589 1510 mulus,
605 1453 703 1513 optima
716 1450 819 1507 Carme,

93 1544 152 1583 ante
165 1536 234 1584 hune
247 1548 413 1600 conspectum
427 1555 531 1587 casusve
545 1541 638 1587 deusve
652 1540 759 1597 tulisset,

64 1629 72 1670 i
93 1629 138 1671 aut
151 1622 216 1670 ferro
231 1617 288 1672 hee'
301 1628 382 1687 aperit
395 1629 490 1674 serrum
504 1628 572 1688 qnod
587 1635 654 1675 reste
669 1627 773 1685 latebat,

88 1701 256 1774 ‘purpureum
270 1714 349 1774 patris
363 1716 530 1776 dempsissem
543 1716 636 1763 vertice
650 1717 745 1762 eriuem

91 1807 136 1848 aut
148 1800 210 1847 mihi
224 1802 351 1863 praesenti
367 1804 521 1865 peperissem
535 1805 639 1851 vulnere
653 1795 751 1852 letum.³

127 1889 178 1935 Vix
192 1888 255 1938 haec
269 1891 391 1949 ediderat,
408 1907 465 1939 eum
479 1893 552 1940 clade
565 1892 686 1940 exterrita
699 1891 763 1939 tristi

91 1978 207 2025 intensos
222 1980 302 2026 multe
317 1979 436 2041 deturpat
448 1981 552 2042 pulvere
566 1981 648 2028 crines

93 2073 117 2115 et
128 2067 240 2128 graviter
252 2074 344 2130 questu
359 2066 451 2116 Carme
465 2069 601 2131 conploret
613 2070 686 2117 anili.

100 2171 114 2203 o
128 2156 191 2202 mihi
205 2171 273 2205 nune
287 2157 379 2204 iterum
393 2158 503 2205 erudelis
517 2158 615 2205 reddite
628 2158 722 2216 Minos,

120 2245 211 2292 iterum
225 2253 326 2293 nostrae
340 2246 425 2293 Minos
439 2247 542 2294 inimice
556 2253 682 2304 senectae,

110 2349 190 2396 emper
203 2343 231 2381 ut
244 2343 288 2382 aut
301 2336 361 2382 elini
379 2343 453 2383 natae
467 2344 490 2384 te
505 2343 608 2398 propter
622 2336 731 2382 eundem

115 2430 135 2469 tt
148 2438 220 2470 amor
232 2425 338 2473 insanae
353 2426 449 2472 luetnrn
464 2431 578 2487 portaret
591 2423 727 2471 alumnaei

121 2525 148 2557 re
161 2526 209 2572 ego
223 2521 275 2560 tam
288 2515 365 2575 longe
380 2522 455 2576 eapta
468 2523 546 2576 atque
560 2521 649 2561 aveeta
660 2512 782 2572 nequid,

126 2613 138 2644 u
149 2614 229 2659 grave
242 2603 307 2650 servi
312 2603 387 2665 tium,
403 2614 461 2655 tam
473 2606 557 2654 dures
568 2615 655 2668 passa
660 2597 793 2645 tannae,
