1808 2956
297 187 322 224 P.
340 184 460 224 vanum
480 182 610 222 MARONIS

127 356 169 390 ma
182 341 237 390 sine
250 342 306 389 sola
318 341 397 388 vides.
425 357 449 399 a,
465 347 490 388 te
503 354 534 387 ne
547 339 645 401 frigora
657 339 776 388 laedantl

128 446 152 488 a,
168 429 214 477 tibi
228 444 260 478 ne
272 437 373 477 teneras
385 428 482 489 glacies
495 435 563 476 secet
576 442 668 489 aspera
679 427 798 490 plantas!

77 524 109 566 50
128 518 172 565 ibo
185 525 210 566 et
222 516 374 565 Chalcidico
388 531 455 578 qnae
467 522 527 564 sunt
538 516 601 563 mihi
616 516 721 564 condita
733 531 805 564 versu

128 605 244 654 carmina
256 605 365 668 pastoris
378 602 459 653 Siculi
472 604 626 652 modulabor
639 619 728 652 avena.

129 700 226 742 certum
239 693 315 742 estin
328 693 407 750 silvis,
423 693 489 740 inter
502 692 607 754 spelaea
619 692 730 740 ferarum

128 783 207 831 malla
219 782 273 844 pati
286 780 430 842 tenerisque
443 795 514 828 meos
527 780 640 828 incidere
654 795 754 828 amores

128 869 276 918 arboribus:
293 875 407 917 crescent
419 870 488 927 illae,
505 869 622 916 ereseetis
636 884 744 917 amores.

77 962 108 1004 55
128 958 227 1006 interea
239 957 325 1004 mixtis
338 956 452 1004 lustrabo
465 957 587 1005 Maenala
599 957 718 1019 nymphis

129 1052 174 1093 aut
186 1045 251 1093 aeris
264 1043 377 1092 venabor
389 1058 474 1105 apros.
502 1059 554 1091 non
568 1060 608 1093 me
621 1046 676 1092 ulla
688 1044 810 1093 vetabunt

129 1132 227 1194 frigora
239 1132 391 1181 Parthenios
405 1132 511 1180 canibus
525 1133 684 1181 circumdare
697 1135 786 1180 saltus.

128 1220 181 1268 iam
193 1221 256 1268 mihi
269 1236 315 1283 per
327 1235 402 1283 rupes
415 1221 503 1269 videor
516 1222 639 1283 lucosque
653 1222 768 1268 sonantis

128 1307 181 1367 ire;
196 1308 258 1357 libet
270 1309 366 1358 Partho
380 1315 499 1371 torquere
513 1307 630 1370 Cydonia
644 1324 723 1356 cornu

78 1399 110 1442 60
130 1396 238 1458 spicula.
284 1406 416 1461 tamquam
435 1397 500 1445 haec
518 1397 550 1444 sit
568 1397 648 1443 nostri
668 1397 820 1445 medicinat

429 1499 502 1542 roris,

129 1579 174 1620 ant
187 1573 249 1621 deus
263 1573 307 1622 ille
320 1573 395 1621 malis
409 1572 544 1626 hominum
557 1572 689 1620 mitescere
704 1573 794 1620 diseat.

128 1660 181 1711 iam
204 1675 289 1724 neque
311 1661 499 1721 hamadryades
523 1674 608 1707 rursus
633 1675 716 1721 neque
741 1662 820 1708 carmi

429 1747 503 1795 nobis

128 1836 186 1898 ipsa
198 1837 316 1898 placent;
330 1835 401 1896 ipsae
413 1848 499 1881 rursus
513 1835 646 1882 concedite
659 1835 746 1882 silvae.

128 1938 181 1971 non
194 1923 269 1970 illum
281 1921 361 1968 nostri
374 1927 483 1981 possunt
495 1927 594 1968 mutare
608 1921 717 1976 labores,

77 2015 108 2058 65
129 2009 210 2058 nessi
224 2007 363 2068 frigoribus
376 2006 467 2054 mediis
480 2007 646 2068 Hebrumque
661 2006 779 2056 bibamus

128 2094 312 2158 Sithoniasque
325 2095 394 2143 nives
408 2094 498 2143 hiemis
511 2095 648 2142 subeamus
662 2111 784 2157 aquosae,

127 2198 176 2239 nec
188 2184 218 2243 si,
235 2199 293 2234 eum
305 2184 417 2232 moriens
430 2185 483 2233 alta
496 2183 560 2232 liber
574 2184 665 2232 aretin
679 2186 759 2245 ulmo,

127 2271 287 2335 Aethiopum
298 2289 426 2323 versemus
439 2288 498 2322 oves
511 2273 557 2322 sub
571 2273 654 2322 sidere
668 2276 762 2322 cancri.

129 2361 217 2409 omnia
229 2362 309 2411 vineit
319 2362 417 2411 Amor:
439 2370 464 2411 et
476 2378 524 2412 nos
537 2364 658 2412 cedamus
672 2357 782 2412 Amori.³

77 2454 109 2499 to
163 2448 235 2498 Haec
247 2456 287 2498 sat
299 2452 361 2511 erit,
377 2452 463 2511 divae,
479 2459 591 2500 vestrum
604 2453 726 2500 cecinisse
739 2463 820 2515 poeta]

129 2539 191 2586 dum
203 2538 275 2586 sedet
287 2546 311 2587 et
323 2541 414 2602 gracili
427 2541 551 2589 fiscellam
564 2542 629 2589 texit
642 2541 750 2600 hibisco,

127 2626 258 2675 Pierides:
273 2642 317 2676 vos
331 2627 396 2677 haec
408 2627 507 2677 facietis
519 2629 634 2678 maxima
647 2627 733 2689 Gallo,
