1808 2956
244 188 392 227 Anumnos
416 188 503 228 meua
519 191 559 228 vu
739 182 797 229 301

74 359 161 392 rursus
174 352 199 391 et
212 345 239 392 in
253 352 363 392 veterem
376 343 429 391 fato
443 345 558 393 revoluta
572 346 690 406 figuram.

30 440 53 481 ‚0
74 433 141 480 inter
154 447 219 494 quas
232 432 374 480 Phoenissa
387 447 475 481 recens
489 447 505 480 a
517 435 621 482 volnere
632 434 702 482 Dido

74 519 177 568 errabat
189 520 254 568 silva
265 521 293 568 in
306 535 410 582 magna.
439 537 517 584 quam
530 522 624 570 Troius
638 523 713 571 beros

76 616 105 657 ut
117 609 230 671 primum
242 609 315 657 iuxta
328 609 398 657 stetit
410 611 585 673 adgnovitque
598 625 644 673 per
655 611 773 660 umbram

75 698 220 756 obscuram,
236 698 341 759 qualem
354 698 436 760 primo
451 699 494 760 qui
508 713 612 760 surgere
624 714 712 748 mense

75 793 121 833 aut
132 786 201 833 videt
214 792 258 833 aut
272 786 364 834 vidisse
378 793 451 848 putat
463 800 509 849 per
521 786 611 835 nubila
623 789 721 847 lunam,

30 880 56 922 55
78 875 181 922 demisit
193 875 313 922 lacrimas
327 874 448 936 dulcique
462 874 563 922 adfatus
577 883 697 923 amorest.

72 952 174 1010 ‘infelix
186 962 266 1020 Dido,
282 976 354 1009 verus
368 962 432 1009 mibi
445 964 551 1011 nuntius
564 977 625 1025 ergo

76 1061 180 1099 venerat
192 1051 332 1099 extinctam
345 1050 464 1113 ferroque
478 1060 593 1100 extrema
605 1051 737 1099 secutam?

76 1138 172 1187 funeris
186 1138 236 1187 beu
250 1138 296 1185 tibi
310 1153 389 1187 cansa
401 1139 454 1187 fui?
472 1155 518 1203 per
530 1141 615 1188 sidera
628 1140 693 1198 iuro,

77 1241 122 1288 per
134 1241 240 1289 superos
254 1234 280 1275 et
292 1227 366 1289 siqua
379 1227 442 1274 fides
456 1229 548 1276 tellure
560 1227 606 1275 sub
620 1227 705 1285 imast,

30 1320 56 1363 50
76 1314 178 1373 invitus,
194 1316 292 1378 regina,
308 1322 353 1362 tuo
367 1316 485 1363 delitare
499 1317 571 1364 cessi.

76 1403 120 1451 sed
134 1418 175 1452 me
194 1404 264 1451 iussa
277 1405 368 1462 deum,
391 1419 457 1465 quae
476 1419 544 1452 nunc
563 1404 609 1452 has
629 1404 666 1452 ire
685 1419 731 1466 per
748 1419 803 1451 urn-

378 1492 445 1551 bras,

75 1594 121 1642 per
134 1580 193 1628 loca
205 1587 279 1628 senta
291 1581 342 1627 situ
356 1588 452 1642 cogunt
469 1588 623 1642 noctemque
636 1581 800 1643 profundam,

76 1667 190 1730 imperiis
203 1683 278 1730 egere
291 1670 359 1727 suis3
380 1684 427 1716 nec
441 1670 545 1717 credere
558 1670 627 1736 quivi

76 1755 145 1805 hunc
159 1764 259 1804 tantum
272 1757 318 1804 tibi
332 1773 373 1806 me
386 1758 500 1805 discessu
513 1757 579 1805 ferre
592 1758 717 1805 dolorem.

30 1849 55 1892 55
76 1844 138 1893 siste
150 1846 260 1906 gradum
274 1853 349 1908 teque
363 1853 468 1908 aspectu
481 1860 514 1893 ne
527 1845 648 1893 subtrahe
661 1853 759 1892 nostro.

77 1947 154 1995 quem
173 1933 259 1995 sugis?
278 1942 421 1982 extremum
440 1934 507 1989 fato,
531 1934 600 1996 qnod
620 1941 644 1981 te
664 1934 800 1996 adloquor,

377 2022 427 2071 hoc
441 2013 497 2070 est’

77 2108 171 2157 talibus
184 2111 286 2158 Aeneas
301 2111 432 2159 ardentem
445 2119 470 2159 et
483 2118 555 2159 torva
567 2119 681 2158 tuentem

78 2197 176 2245 lenibat
188 2198 263 2246 diens
277 2199 392 2246 animum
405 2199 577 2261 lacrimasque
590 2198 682 2247 ciebat.

77 2285 123 2333 illa
136 2287 192 2334 solo
206 2287 271 2334 fixos
285 2288 373 2335 oculos
387 2302 475 2335 aversa
488 2287 591 2335 tenebat

30 2379 58 2422 1'0
77 2388 125 2422 nec
138 2375 220 2435 magis
234 2376 337 2437 incepto
351 2377 448 2424 voltum
461 2390 580 2424 sermone
593 2381 708 2423 movetur

78 2477 156 2524 quam
169 2464 190 2510 si
204 2464 269 2510 dura
282 2464 348 2512 silex
360 2471 405 2511 aut
418 2470 467 2511 stet
479 2463 609 2525 Marpesia
622 2469 718 2510 cautes.

78 2551 182 2598 tandem
195 2551 319 2613 corripuit
331 2566 386 2600 sese
399 2559 477 2614 atque
489 2551 601 2599 inimica
609 2549 712 2608 retinuit

73 2639 100 2684 in
113 2653 202 2687 nemus
217 2641 403 2705 umbriferum,
418 2642 545 2694 coniunx
553 2640 605 2689 ubi
614 2627 809 2700 arietinas&
