<?xml version="1.0" encoding="UTF-8"?>
<!DOCTYPE html PUBLIC "-//W3C//DTD XHTML 1.0 Transitional//EN"
    "http://www.w3.org/TR/xhtml1/DTD/xhtml1-transitional.dtd">
<html xmlns="http://www.w3.org/1999/xhtml" xml:lang="en" lang="en">
 <head>
  <title>
</title>
<meta http-equiv="Content-Type" content="text/html;charset=utf-8" />
  <meta name='ocr-system' content='tesseract 3.04.00' />
  <meta name='ocr-capabilities' content='ocr_page ocr_carea ocr_par ocr_line ocrx_word'/>
</head>
<body>
  <div class='ocr_page' id='page_1' title='image "./pvergiliusmaro00virggoog/pvergiliusmaro00virggoog_0345.png"; bbox 0 0 1808 2956; ppageno 0'>
   <div class='ocr_carea' id='block_1_1' title="bbox 158 111 718 157">
    <p class='ocr_par' dir='ltr' id='par_1_1' title="bbox 158 111 718 157">
     <span class='ocr_line' id='line_1_1' title="bbox 158 111 718 157; baseline 0.002 -1"><span class='ocrx_word' id='word_1_1' title='bbox 158 111 221 156; x_wconf 74' lang='grc'><strong>346</strong></span> <span class='ocrx_word' id='word_1_2' title='bbox 401 118 428 156; x_wconf 80' lang='lat' dir='ltr'><strong>P.</strong></span> <span class='ocrx_word' id='word_1_3' title='bbox 446 117 567 157; x_wconf 75' lang='lat' dir='ltr'><strong>vnnolnl</strong></span> <span class='ocrx_word' id='word_1_4' title='bbox 586 117 718 157; x_wconf 73' lang='lat' dir='ltr'><strong>trenonls</strong></span> 
     </span>
    </p>
   </div>
   <div class='ocr_carea' id='block_1_2' title="bbox 45 273 902 2736">
    <p class='ocr_par' dir='ltr' id='par_1_2' title="bbox 230 273 854 339">
     <span class='ocr_line' id='line_1_2' title="bbox 230 273 854 339; baseline 0 -15"><span class='ocrx_word' id='word_1_5' title='bbox 230 276 330 324; x_wconf 85' lang='lat' dir='ltr'><strong>liventis</strong></span> <span class='ocrx_word' id='word_1_6' title='bbox 343 273 443 339; x_wconf 89' lang='lat' dir='ltr'><strong>plumbi</strong></span> <span class='ocrx_word' id='word_1_7' title='bbox 456 274 563 337; x_wconf 81' lang='lat' dir='ltr'>spargit,</span> <span class='ocrx_word' id='word_1_8' title='bbox 579 288 639 337; x_wconf 91' lang='lat' dir='ltr'><strong>pars</strong></span> <span class='ocrx_word' id='word_1_9' title='bbox 651 275 753 337; x_wconf 89' lang='lat' dir='ltr'><strong>spicula</strong></span> <span class='ocrx_word' id='word_1_10' title='bbox 766 282 854 336; x_wconf 84' lang='lat' dir='ltr'><strong>gestat</strong></span> 
     </span>
    </p>

    <p class='ocr_par' dir='ltr' id='par_1_3' title="bbox 230 361 859 426">
     <span class='ocr_line' id='line_1_3' title="bbox 230 361 859 426; baseline 0 -14"><span class='ocrx_word' id='word_1_11' title='bbox 230 364 292 412; x_wconf 90' lang='lat' dir='ltr'><strong>bina</strong></span> <span class='ocrx_word' id='word_1_12' title='bbox 304 379 392 421; x_wconf 91' lang='lat' dir='ltr'><strong>mann,</strong></span> <span class='ocrx_word' id='word_1_13' title='bbox 407 361 544 424; x_wconf 85' lang='lat' dir='ltr'><strong>fulvosque</strong></span> <span class='ocrx_word' id='word_1_14' title='bbox 556 363 610 426; x_wconf 88' lang='lat' dir='ltr'><strong>lupi</strong></span> <span class='ocrx_word' id='word_1_15' title='bbox 625 363 738 426; x_wconf 88' lang='lat' dir='ltr'><strong>depelle</strong></span> <span class='ocrx_word' id='word_1_16' title='bbox 751 365 859 425; x_wconf 86' lang='lat' dir='ltr'><strong>galeros</strong></span> 
     </span>
    </p>

    <p class='ocr_par' dir='ltr' id='par_1_4' title="bbox 157 451 865 603">
     <span class='ocr_line' id='line_1_4' title="bbox 230 451 865 515; baseline 0.002 -15"><span class='ocrx_word' id='word_1_17' title='bbox 230 460 333 515; x_wconf 86' lang='lat' dir='ltr'><strong>tegmen</strong></span> <span class='ocrx_word' id='word_1_18' title='bbox 346 452 443 502; x_wconf 87' lang='lat' dir='ltr'><strong>habent</strong></span> <span class='ocrx_word' id='word_1_19' title='bbox 456 451 543 514; x_wconf 90' lang='lat' dir='ltr'><strong>capiti,</strong></span> <span class='ocrx_word' id='word_1_20' title='bbox 559 451 667 513; x_wconf 84' lang='lat' dir='ltr'><strong>vestigia</strong></span> <span class='ocrx_word' id='word_1_21' title='bbox 679 451 752 500; x_wconf 89' lang='lat' dir='ltr'><strong>nuda</strong></span> <span class='ocrx_word' id='word_1_22' title='bbox 764 452 865 501; x_wconf 82' lang='lat' dir='ltr'><strong>sinistri</strong></span> 
     </span>
     <span class='ocr_line' id='line_1_5' title="bbox 157 539 827 603; baseline 0 -14"><span class='ocrx_word' id='word_1_23' title='bbox 157 546 211 589; x_wconf 76' lang='lat'><strong>690</strong></span> <span class='ocrx_word' id='word_1_24' title='bbox 230 541 362 589; x_wconf 80' lang='lat' dir='ltr'><strong>instituere</strong></span> <span class='ocrx_word' id='word_1_25' title='bbox 375 541 457 603; x_wconf 90' lang='lat' dir='ltr'><strong>pedis,</strong></span> <span class='ocrx_word' id='word_1_26' title='bbox 474 539 567 587; x_wconf 89' lang='lat' dir='ltr'><strong>crudus</strong></span> <span class='ocrx_word' id='word_1_27' title='bbox 580 539 643 601; x_wconf 87' lang='lat' dir='ltr'><strong>tegit</strong></span> <span class='ocrx_word' id='word_1_28' title='bbox 656 540 739 588; x_wconf 83' lang='lat' dir='ltr'><strong>altera</strong></span> <span class='ocrx_word' id='word_1_29' title='bbox 752 555 827 602; x_wconf 84' lang='lat' dir='ltr'><strong>pero.</strong></span> 
     </span>
    </p>

    <p class='ocr_par' dir='ltr' id='par_1_5' title="bbox 230 628 902 958">
     <span class='ocr_line' id='line_1_6' title="bbox 265 628 902 694; baseline -0.005 -16"><span class='ocrx_word' id='word_1_30' title='bbox 265 631 302 677; x_wconf 92' lang='lat' dir='ltr'><strong>At</strong></span> <span class='ocrx_word' id='word_1_31' title='bbox 313 631 460 692; x_wconf 83' lang='lat' dir='ltr'><strong>Messapus,</strong></span> <span class='ocrx_word' id='word_1_32' title='bbox 476 642 571 690; x_wconf 89' lang='lat' dir='ltr'><strong>equom</strong></span> <span class='ocrx_word' id='word_1_33' title='bbox 584 628 705 687; x_wconf 89' lang='lat' dir='ltr'><strong>domitor,</strong></span> <span class='ocrx_word' id='word_1_34' title='bbox 720 628 857 692; x_wconf 82' lang='lat' dir='ltr'><strong>Neptunia</strong></span> <span class='ocrx_word' id='word_1_35' title='bbox 868 645 902 694; x_wconf 69' lang='lat' dir='ltr'><strong>pr&lt;</strong></span> 
     </span>
     <span class='ocr_line' id='line_1_7' title="bbox 231 717 902 781; baseline 0.001 -16"><span class='ocrx_word' id='word_1_36' title='bbox 231 733 308 781; x_wconf 89' lang='lat' dir='ltr'><strong>quem</strong></span> <span class='ocrx_word' id='word_1_37' title='bbox 320 732 405 780; x_wconf 90' lang='lat' dir='ltr'><strong>neque</strong></span> <span class='ocrx_word' id='word_1_38' title='bbox 417 717 456 765; x_wconf 82' lang='lat' dir='ltr'><strong>fas</strong></span> <span class='ocrx_word' id='word_1_39' title='bbox 469 717 523 778; x_wconf 82' lang='lat' dir='ltr'><strong>igni</strong></span> <span class='ocrx_word' id='word_1_40' title='bbox 536 717 657 780; x_wconf 88' lang='lat' dir='ltr'><strong>cuiquam</strong></span> <span class='ocrx_word' id='word_1_41' title='bbox 670 730 718 766; x_wconf 90' lang='lat' dir='ltr'><strong>nec</strong></span> <span class='ocrx_word' id='word_1_42' title='bbox 731 725 850 775; x_wconf 85' lang='lat' dir='ltr'><strong>sternere</strong></span> <span class='ocrx_word' id='word_1_43' title='bbox 863 718 902 768; x_wconf 76' lang='lat' dir='ltr'><strong>fen</strong></span> 
     </span>
     <span class='ocr_line' id='line_1_8' title="bbox 230 805 889 869; baseline 0.005 -16"><span class='ocrx_word' id='word_1_44' title='bbox 230 807 281 854; x_wconf 79' lang='lat' dir='ltr'><strong>iani</strong></span> <span class='ocrx_word' id='word_1_45' title='bbox 296 807 396 869; x_wconf 80' lang='lat' dir='ltr'><strong>pridem</strong></span> <span class='ocrx_word' id='word_1_46' title='bbox 409 806 505 854; x_wconf 82' lang='lat' dir='ltr'><strong>resides</strong></span> <span class='ocrx_word' id='word_1_47' title='bbox 518 805 629 868; x_wconf 88' lang='lat' dir='ltr'><strong>populos</strong></span> <span class='ocrx_word' id='word_1_48' title='bbox 643 805 803 867; x_wconf 81' lang='lat' dir='ltr'><strong>desuetaque</strong></span> <span class='ocrx_word' id='word_1_49' title='bbox 817 806 889 856; x_wconf 87' lang='lat' dir='ltr'><strong>bello</strong></span> 
     </span>
     <span class='ocr_line' id='line_1_9' title="bbox 231 891 902 958; baseline 0.003 -16"><span class='ocrx_word' id='word_1_50' title='bbox 231 896 336 956; x_wconf 84' lang='lat' dir='ltr'><strong>agmina</strong></span> <span class='ocrx_word' id='word_1_51' title='bbox 354 895 381 942; x_wconf 92' lang='lat' dir='ltr'><strong>in</strong></span> <span class='ocrx_word' id='word_1_52' title='bbox 400 908 473 942; x_wconf 86' lang='lat' dir='ltr'><strong>arma</strong></span> <span class='ocrx_word' id='word_1_53' title='bbox 493 899 569 941; x_wconf 87' lang='lat' dir='ltr'><strong>vocat</strong></span> <span class='ocrx_word' id='word_1_54' title='bbox 589 891 674 940; x_wconf 85' lang='lat' dir='ltr'><strong>subite</strong></span> <span class='ocrx_word' id='word_1_55' title='bbox 696 891 850 958; x_wconf 87' lang='lat' dir='ltr'><strong>ferrumque</strong></span> <span class='ocrx_word' id='word_1_56' title='bbox 872 911 902 945; x_wconf 87' lang='lat' dir='ltr'><strong>re</strong></span> 
     </span>
    </p>

    <p class='ocr_par' dir='ltr' id='par_1_6' title="bbox 45 988 902 2736">
     <span class='ocr_line' id='line_1_10' title="bbox 532 988 578 1029; baseline 0 -1"><span class='ocrx_word' id='word_1_57' title='bbox 532 988 578 1029; x_wconf 88' lang='lat' dir='ltr'><strong>tat.</strong></span> 
     </span>
     <span class='ocr_line' id='line_1_11' title="bbox 157 1069 829 1132; baseline 0.001 -14"><span class='ocrx_word' id='word_1_58' title='bbox 157 1075 210 1118; x_wconf 82' lang='grc'><strong>695</strong></span> <span class='ocrx_word' id='word_1_59' title='bbox 230 1070 257 1117; x_wconf 88' lang='lat' dir='ltr'><strong>hi</strong></span> <span class='ocrx_word' id='word_1_60' title='bbox 270 1069 444 1119; x_wconf 81' lang='lat' dir='ltr'><strong>Fescenninas</strong></span> <span class='ocrx_word' id='word_1_61' title='bbox 458 1070 526 1118; x_wconf 85' lang='lat' dir='ltr'><strong>acies</strong></span> <span class='ocrx_word' id='word_1_62' title='bbox 539 1082 688 1132; x_wconf 79' lang='lat' dir='ltr'><strong>aequorque</strong></span> <span class='ocrx_word' id='word_1_63' title='bbox 699 1069 829 1130; x_wconf 75' lang='lat' dir='ltr'><strong>Faliscos,</strong></span> 
     </span>
     <span class='ocr_line' id='line_1_12' title="bbox 230 1157 837 1221; baseline 0.007 -16"><span class='ocrx_word' id='word_1_64' title='bbox 230 1158 256 1205; x_wconf 92' lang='lat' dir='ltr'><strong>hi</strong></span> <span class='ocrx_word' id='word_1_65' title='bbox 270 1157 384 1205; x_wconf 86' lang='lat' dir='ltr'><strong>Soractis</strong></span> <span class='ocrx_word' id='word_1_66' title='bbox 398 1158 494 1207; x_wconf 87' lang='lat' dir='ltr'><strong>habent</strong></span> <span class='ocrx_word' id='word_1_67' title='bbox 505 1173 577 1207; x_wconf 86' lang='lat' dir='ltr'><strong>arces</strong></span> <span class='ocrx_word' id='word_1_68' title='bbox 589 1157 759 1221; x_wconf 75' lang='lat' dir='ltr'><strong>Flaviniaque</strong></span> <span class='ocrx_word' id='word_1_69' title='bbox 772 1173 837 1209; x_wconf 86' lang='lat' dir='ltr'><strong>arva</strong></span> 
     </span>
     <span class='ocr_line' id='line_1_13' title="bbox 230 1244 902 1311; baseline 0.003 -16"><span class='ocrx_word' id='word_1_70' title='bbox 230 1252 256 1295; x_wconf 88' lang='lat' dir='ltr'><strong>et</strong></span> <span class='ocrx_word' id='word_1_71' title='bbox 268 1244 364 1293; x_wconf 90' lang='lat' dir='ltr'><strong>Cimini</strong></span> <span class='ocrx_word' id='word_1_72' title='bbox 378 1261 436 1295; x_wconf 92' lang='lat' dir='ltr'><strong>cum</strong></span> <span class='ocrx_word' id='word_1_73' title='bbox 450 1255 538 1295; x_wconf 88' lang='lat' dir='ltr'><strong>monte</strong></span> <span class='ocrx_word' id='word_1_74' title='bbox 551 1247 637 1295; x_wconf 88' lang='lat' dir='ltr'><strong>lacum</strong></span> <span class='ocrx_word' id='word_1_75' title='bbox 650 1247 776 1308; x_wconf 84' lang='lat' dir='ltr'><strong>lucosque</strong></span> <span class='ocrx_word' id='word_1_76' title='bbox 790 1245 902 1311; x_wconf 85' lang='lat' dir='ltr'><strong>Capeno</strong></span> 
     </span>
     <span class='ocr_line' id='line_1_14' title="bbox 229 1334 845 1396; baseline 0.003 -14"><span class='ocrx_word' id='word_1_77' title='bbox 229 1334 302 1383; x_wconf 90' lang='lat' dir='ltr'><strong>ibant</strong></span> <span class='ocrx_word' id='word_1_78' title='bbox 315 1335 418 1396; x_wconf 86' lang='lat' dir='ltr'><strong>aequati</strong></span> <span class='ocrx_word' id='word_1_79' title='bbox 431 1349 539 1383; x_wconf 85' lang='lat' dir='ltr'><strong>numero</strong></span> <span class='ocrx_word' id='word_1_80' title='bbox 552 1349 690 1396; x_wconf 83' lang='lat' dir='ltr'><strong>regemque</strong></span> <span class='ocrx_word' id='word_1_81' title='bbox 703 1335 845 1395; x_wconf 80' lang='lat' dir='ltr'><strong>canebant,</strong></span> 
     </span>
     <span class='ocr_line' id='line_1_15' title="bbox 230 1421 900 1486; baseline 0.004 -15"><span class='ocrx_word' id='word_1_82' title='bbox 230 1438 277 1472; x_wconf 90' lang='lat' dir='ltr'><strong>ceu</strong></span> <span class='ocrx_word' id='word_1_83' title='bbox 290 1423 423 1486; x_wconf 88' lang='lat' dir='ltr'><strong>quondam</strong></span> <span class='ocrx_word' id='word_1_84' title='bbox 436 1423 502 1471; x_wconf 90' lang='lat' dir='ltr'><strong>nivei</strong></span> <span class='ocrx_word' id='word_1_85' title='bbox 516 1423 616 1484; x_wconf 91' lang='lat' dir='ltr'><strong>liquida</strong></span> <span class='ocrx_word' id='word_1_86' title='bbox 628 1424 695 1471; x_wconf 88' lang='lat' dir='ltr'><strong>inter</strong></span> <span class='ocrx_word' id='word_1_87' title='bbox 708 1421 799 1472; x_wconf 89' lang='lat' dir='ltr'><strong>nubila</strong></span> <span class='ocrx_word' id='word_1_88' title='bbox 813 1427 900 1486; x_wconf 84' lang='lat' dir='ltr'><strong>cycni,</strong></span> 
     </span>
     <span class='ocr_line' id='line_1_16' title="bbox 157 1511 859 1574; baseline 0.001 -14"><span class='ocrx_word' id='word_1_89' title='bbox 157 1515 210 1561; x_wconf 76' lang='lat'><strong>700</strong></span> <span class='ocrx_word' id='word_1_90' title='bbox 231 1527 289 1560; x_wconf 82' lang='lat' dir='ltr'><strong>curn</strong></span> <span class='ocrx_word' id='word_1_91' title='bbox 302 1526 358 1560; x_wconf 87' lang='lat' dir='ltr'><strong>sese</strong></span> <span class='ocrx_word' id='word_1_92' title='bbox 371 1526 385 1560; x_wconf 87' lang='lat' dir='ltr'><strong>e</strong></span> <span class='ocrx_word' id='word_1_93' title='bbox 397 1519 473 1574; x_wconf 86' lang='lat' dir='ltr'><strong>pastu</strong></span> <span class='ocrx_word' id='word_1_94' title='bbox 485 1511 600 1559; x_wconf 79' lang='lat' dir='ltr'><strong>referunt</strong></span> <span class='ocrx_word' id='word_1_95' title='bbox 613 1519 638 1559; x_wconf 89' lang='lat' dir='ltr'><strong>et</strong></span> <span class='ocrx_word' id='word_1_96' title='bbox 650 1513 730 1572; x_wconf 83' lang='lat' dir='ltr'><strong>longa</strong></span> <span class='ocrx_word' id='word_1_97' title='bbox 744 1526 859 1561; x_wconf 86' lang='lat' dir='ltr'><strong>canoros</strong></span> 
     </span>
     <span class='ocr_line' id='line_1_17' title="bbox 231 1600 902 1664; baseline -0.003 -15"><span class='ocrx_word' id='word_1_98' title='bbox 231 1601 294 1649; x_wconf 90' lang='lat' dir='ltr'><strong>dant</strong></span> <span class='ocrx_word' id='word_1_99' title='bbox 306 1615 351 1664; x_wconf 89' lang='lat' dir='ltr'><strong>per</strong></span> <span class='ocrx_word' id='word_1_100' title='bbox 364 1601 432 1649; x_wconf 88' lang='lat' dir='ltr'><strong>colla</strong></span> <span class='ocrx_word' id='word_1_101' title='bbox 445 1600 552 1658; x_wconf 82' lang='lat' dir='ltr'><strong>mod0s3</strong></span> <span class='ocrx_word' id='word_1_102' title='bbox 573 1608 649 1648; x_wconf 89' lang='lat' dir='ltr'><strong>sonat</strong></span> <span class='ocrx_word' id='word_1_103' title='bbox 666 1600 749 1651; x_wconf 88' lang='lat' dir='ltr'><strong>amnis</strong></span> <span class='ocrx_word' id='word_1_104' title='bbox 768 1608 794 1648; x_wconf 89' lang='lat' dir='ltr'><strong>et</strong></span> <span class='ocrx_word' id='word_1_105' title='bbox 805 1601 875 1651; x_wconf 85' lang='lat' dir='ltr'><strong>Asia</strong></span> <span class='ocrx_word' id='word_1_106' title='bbox 888 1604 902 1651; x_wconf 82' lang='grc' dir='ltr'><strong>Ιι</strong></span> 
     </span>
     <span class='ocr_line' id='line_1_18' title="bbox 229 1690 401 1752; baseline 0 -16"><span class='ocrx_word' id='word_1_107' title='bbox 229 1690 306 1752; x_wconf 82' lang='lat' dir='ltr'><strong>pulsa</strong></span> <span class='ocrx_word' id='word_1_108' title='bbox 318 1690 401 1752; x_wconf 90' lang='lat' dir='ltr'><strong>palus.</strong></span> 
     </span>
     <span class='ocr_line' id='line_1_19' title="bbox 230 1776 876 1840; baseline 0.005 -16"><span class='ocrx_word' id='word_1_109' title='bbox 230 1791 277 1826; x_wconf 90' lang='lat' dir='ltr'><strong>nec</strong></span> <span class='ocrx_word' id='word_1_110' title='bbox 291 1778 429 1840; x_wconf 89' lang='lat' dir='ltr'><strong>quisquam</strong></span> <span class='ocrx_word' id='word_1_111' title='bbox 442 1783 541 1824; x_wconf 86' lang='lat' dir='ltr'><strong>aeratas</strong></span> <span class='ocrx_word' id='word_1_112' title='bbox 555 1777 623 1824; x_wconf 88' lang='lat' dir='ltr'><strong>acies</strong></span> <span class='ocrx_word' id='word_1_113' title='bbox 636 1791 668 1824; x_wconf 87' lang='lat' dir='ltr'><strong>ex</strong></span> <span class='ocrx_word' id='word_1_114' title='bbox 682 1776 786 1838; x_wconf 85' lang='lat' dir='ltr'><strong>agmine</strong></span> <span class='ocrx_word' id='word_1_115' title='bbox 800 1785 876 1827; x_wconf 85' lang='lat' dir='ltr'><strong>tanto</strong></span> 
     </span>
     <span class='ocr_line' id='line_1_20' title="bbox 230 1864 824 1928; baseline 0 -16"><span class='ocrx_word' id='word_1_116' title='bbox 230 1866 330 1914; x_wconf 83' lang='lat' dir='ltr'><strong>misceri</strong></span> <span class='ocrx_word' id='word_1_117' title='bbox 344 1871 424 1928; x_wconf 89' lang='lat' dir='ltr'><strong>putet,</strong></span> <span class='ocrx_word' id='word_1_118' title='bbox 441 1864 538 1912; x_wconf 86' lang='lat' dir='ltr'><strong>aeriam</strong></span> <span class='ocrx_word' id='word_1_119' title='bbox 551 1865 594 1913; x_wconf 90' lang='lat' dir='ltr'><strong>sed</strong></span> <span class='ocrx_word' id='word_1_120' title='bbox 608 1864 710 1926; x_wconf 81' lang='lat' dir='ltr'><strong>gurgite</strong></span> <span class='ocrx_word' id='word_1_121' title='bbox 723 1864 755 1912; x_wconf 91' lang='lat' dir='ltr'><strong>ab</strong></span> <span class='ocrx_word' id='word_1_122' title='bbox 770 1865 824 1912; x_wconf 87' lang='lat' dir='ltr'><strong>alto</strong></span> 
     </span>
     <span class='ocr_line' id='line_1_21' title="bbox 158 1953 887 2014; baseline 0.003 -12"><span class='ocrx_word' id='word_1_123' title='bbox 158 1956 210 2002; x_wconf 75' lang='lat'><strong>705</strong></span> <span class='ocrx_word' id='word_1_124' title='bbox 230 1954 334 2014; x_wconf 85' lang='lat' dir='ltr'><strong>urgueri</strong></span> <span class='ocrx_word' id='word_1_125' title='bbox 347 1955 482 2002; x_wconf 88' lang='lat' dir='ltr'><strong>voluerum</strong></span> <span class='ocrx_word' id='word_1_126' title='bbox 494 1968 630 2001; x_wconf 82' lang='lat' dir='ltr'><strong>raucamm</strong></span> <span class='ocrx_word' id='word_1_127' title='bbox 644 1953 676 2000; x_wconf 90' lang='lat' dir='ltr'><strong>ad</strong></span> <span class='ocrx_word' id='word_1_128' title='bbox 690 1953 766 2000; x_wconf 89' lang='lat' dir='ltr'><strong>litora</strong></span> <span class='ocrx_word' id='word_1_129' title='bbox 778 1953 887 2004; x_wconf 87' lang='lat' dir='ltr'><strong>nubem.</strong></span> 
     </span>
     <span class='ocr_line' id='line_1_22' title="bbox 265 2041 902 2106; baseline 0.005 -17"><span class='ocrx_word' id='word_1_130' title='bbox 265 2042 333 2090; x_wconf 82' lang='lat' dir='ltr'><strong>Ecce</strong></span> <span class='ocrx_word' id='word_1_131' title='bbox 347 2041 503 2091; x_wconf 85' lang='lat' dir='ltr'><strong>Sabinorum</strong></span> <span class='ocrx_word' id='word_1_132' title='bbox 516 2042 601 2105; x_wconf 88' lang='lat' dir='ltr'><strong>prisco</strong></span> <span class='ocrx_word' id='word_1_133' title='bbox 616 2042 647 2089; x_wconf 91' lang='lat' dir='ltr'><strong>de</strong></span> <span class='ocrx_word' id='word_1_134' title='bbox 660 2041 788 2102; x_wconf 85' lang='lat' dir='ltr'><strong>sanguine</strong></span> <span class='ocrx_word' id='word_1_135' title='bbox 801 2057 902 2106; x_wconf 86' lang='lat' dir='ltr'><strong>magun</strong></span> 
     </span>
     <span class='ocr_line' id='line_1_23' title="bbox 231 2128 902 2192; baseline 0.004 -14"><span class='ocrx_word' id='word_1_136' title='bbox 231 2144 324 2191; x_wconf 86' lang='lat' dir='ltr'><strong>agmen</strong></span> <span class='ocrx_word' id='word_1_137' title='bbox 337 2144 416 2192; x_wconf 85' lang='lat' dir='ltr'><strong>agens</strong></span> <span class='ocrx_word' id='word_1_138' title='bbox 431 2128 541 2178; x_wconf 84' lang='lat' dir='ltr'><strong>Clausus</strong></span> <span class='ocrx_word' id='word_1_139' title='bbox 559 2131 699 2191; x_wconf 86' lang='lat' dir='ltr'><strong>magnique</strong></span> <span class='ocrx_word' id='word_1_140' title='bbox 716 2130 771 2192; x_wconf 90' lang='lat' dir='ltr'><strong>ipse</strong></span> <span class='ocrx_word' id='word_1_141' title='bbox 792 2133 902 2192; x_wconf 79' lang='lat' dir='ltr'><strong>agminis</strong></span> 
     </span>
     <span class='ocr_line' id='line_1_24' title="bbox 532 2227 593 2275; baseline -0.016 -9"><span class='ocrx_word' id='word_1_142' title='bbox 532 2227 593 2275; x_wconf 84' lang='lat' dir='ltr'><strong>star,</strong></span> 
     </span>
     <span class='ocr_line' id='line_1_25' title="bbox 231 2304 902 2372; baseline 0.009 -18"><span class='ocrx_word' id='word_1_143' title='bbox 231 2304 343 2355; x_wconf 83' lang='lat' dir='ltr'><strong>Claudia</strong></span> <span class='ocrx_word' id='word_1_144' title='bbox 356 2322 425 2355; x_wconf 91' lang='lat' dir='ltr'><strong>nune</strong></span> <span class='ocrx_word' id='word_1_145' title='bbox 437 2322 453 2355; x_wconf 88' lang='lat' dir='ltr'><strong>a</strong></span> <span class='ocrx_word' id='word_1_146' title='bbox 466 2322 518 2370; x_wconf 85' lang='lat' dir='ltr'><strong>quo</strong></span> <span class='ocrx_word' id='word_1_147' title='bbox 532 2307 685 2355; x_wconf 85' lang='lat' dir='ltr'><strong>diffunditur</strong></span> <span class='ocrx_word' id='word_1_148' title='bbox 697 2314 723 2354; x_wconf 88' lang='lat' dir='ltr'><strong>et</strong></span> <span class='ocrx_word' id='word_1_149' title='bbox 735 2307 817 2355; x_wconf 90' lang='lat' dir='ltr'><strong>tribus</strong></span> <span class='ocrx_word' id='word_1_150' title='bbox 831 2318 858 2358; x_wconf 90' lang='lat' dir='ltr'><strong>et</strong></span> <span class='ocrx_word' id='word_1_151' title='bbox 870 2324 902 2372; x_wconf 85' lang='lat' dir='ltr'><strong>ge</strong></span> 
     </span>
     <span class='ocr_line' id='line_1_26' title="bbox 230 2394 902 2459; baseline 0.009 -16"><span class='ocrx_word' id='word_1_152' title='bbox 230 2410 277 2458; x_wconf 87' lang='lat' dir='ltr'><strong>per</strong></span> <span class='ocrx_word' id='word_1_153' title='bbox 288 2394 407 2456; x_wconf 83' lang='lat' dir='ltr'><strong>Latium,</strong></span> <span class='ocrx_word' id='word_1_154' title='bbox 429 2405 568 2459; x_wconf 82' lang='lat' dir='ltr'><strong>postquam</strong></span> <span class='ocrx_word' id='word_1_155' title='bbox 585 2396 612 2442; x_wconf 91' lang='lat' dir='ltr'><strong>in</strong></span> <span class='ocrx_word' id='word_1_156' title='bbox 630 2405 730 2458; x_wconf 86' lang='lat' dir='ltr'><strong>partem</strong></span> <span class='ocrx_word' id='word_1_157' title='bbox 743 2396 805 2443; x_wconf 86' lang='lat' dir='ltr'><strong>data</strong></span> <span class='ocrx_word' id='word_1_158' title='bbox 817 2397 902 2448; x_wconf 84' lang='lat' dir='ltr'><strong>Roma</strong></span> 
     </span>
     <span class='ocr_line' id='line_1_27' title="bbox 532 2483 608 2530; baseline 0.013 -1"><span class='ocrx_word' id='word_1_159' title='bbox 532 2483 608 2530; x_wconf 86' lang='lat' dir='ltr'><strong>binis.</strong></span> 
     </span>
     <span class='ocr_line' id='line_1_28' title="bbox 147 2571 902 2640; baseline -0.003 -19"><span class='ocrx_word' id='word_1_160' title='bbox 147 2573 201 2622; x_wconf 85' lang='lat'><strong>710</strong></span> <span class='ocrx_word' id='word_1_161' title='bbox 220 2587 275 2623; x_wconf 85' lang='lat' dir='ltr'><strong>una</strong></span> <span class='ocrx_word' id='word_1_162' title='bbox 286 2573 383 2640; x_wconf 85' lang='lat' dir='ltr'><strong>ingens</strong></span> <span class='ocrx_word' id='word_1_163' title='bbox 398 2574 541 2626; x_wconf 81' lang='lat' dir='ltr'><strong>Amiterna</strong></span> <span class='ocrx_word' id='word_1_164' title='bbox 554 2572 652 2623; x_wconf 73' lang='lat' dir='ltr'><strong>coneus</strong></span> <span class='ocrx_word' id='word_1_165' title='bbox 663 2572 797 2634; x_wconf 68' lang='lat' dir='ltr'><strong>priscique</strong></span> <span class='ocrx_word' id='word_1_166' title='bbox 807 2571 902 2628; x_wconf 62' lang='lat' dir='ltr'><strong>Qatnu</strong></span> 
     </span>
     <span class='ocr_line' id='line_1_29' title="bbox 45 2690 116 2736; baseline 0 0"><span class='ocrx_word' id='word_1_167' title='bbox 45 2690 116 2736; x_wconf 59' lang='lat' dir='ltr'>h</span> 
     </span>
    </p>
   </div>
   <div class='ocr_carea' id='block_1_3' title="bbox 0 0 908 2956">
    <p class='ocr_par' dir='ltr' id='par_1_7' title="bbox 0 0 908 2956">
     <span class='ocr_line' id='line_1_30' title="bbox 0 0 908 2956; baseline 0 0"><span class='ocrx_word' id='word_1_168' title='bbox 0 0 908 2956; x_wconf 95' lang='lat' dir='ltr'><strong> </strong></span> 
     </span>
    </p>
   </div>
  </div>
 </body>
</html>
