1808 2956
312 179 460 220 AENEIDOS
480 180 567 220 menn
583 181 602 220 Ι.
796 172 853 219 155

126 337 160 386 ad
175 345 199 385 te
213 335 335 397 confugio
350 343 375 385 et
387 337 497 400 supplex
510 345 555 385 tna
567 338 675 385 numina
687 352 775 400 posco.

125 426 206 475 frater
217 430 246 471 ut
257 426 359 472 Aeneas
373 426 466 487 pelago
480 433 538 473 tuos
552 426 639 474 omnia
653 427 749 475 circum

126 516 206 564 litora
217 513 326 562 iactetur
339 514 405 561 odiis
417 514 525 562 Iunonis
538 514 652 577 iniquae,

14 624 17 675 i
126 602 259 660 ustauhi,
275 608 300 650 et
312 609 400 649 uestro
414 602 519 650 doluisti
534 617 610 664 saepe
624 604 722 651 dolore.

14 682 17 711 ⁸
56 698 105 744 670
126 693 197 741 hunc
209 690 353 739 Phoenissa
365 697 435 738 tenet
446 691 516 738 Dido
530 691 683 754 blandisque
696 700 811 740 moratur

126 780 242 838 vocibus,
258 785 283 827 et
295 793 384 827 vereor
397 794 448 841 quo
462 794 489 827 se
501 780 613 827 Iunonia
626 788 726 828 vertant

15 850 17 939 i
126 869 240 932 hospitia
250 885 256 924 3
267 867 344 914 *haud
358 875 430 915 tanto
444 868 554 916 cessabit
566 870 671 917 cardine
684 884 777 917 rerum.

127 959 252 1022 quocirca
265 971 356 1019 capere
370 964 429 1005 ante
443 957 509 1004 dolis
523 965 549 1004 et
561 959 664 1018 cingere
677 959 781 1006 flamma

126 1047 244 1108 reginam
257 1046 376 1103 meditor,
391 1060 476 1107 nequo
490 1061 517 1093 sc
530 1047 635 1095 numine
649 1053 738 1106 mutet,

57 1141 106 1186 675
127 1136 171 1183 sed
185 1149 281 1196 magno
295 1134 399 1181 Aeneae
411 1149 512 1182 meeum
526 1142 642 1183 tencatur
655 1150 752 1184 amore.

127 1238 180 1287 qua
192 1223 276 1272 facere
289 1223 315 1270 id
329 1223 411 1285 possis
425 1231 539 1271 nostram
552 1239 620 1272 nunc
633 1224 720 1286 accipe
731 1231 853 1272 mentem.

126 1311 213 1374 regius
227 1312 310 1360 accitu
324 1312 377 1360 cari
390 1312 514 1373 genitoris
528 1313 559 1360 ad
574 1312 662 1361 urbem

128 1399 265 1449 Sidoniam
277 1414 341 1462 puer
353 1400 390 1448 ire
404 1407 485 1462 parat,
501 1415 560 1448 mea
572 1402 686 1449 maximo
699 1416 770 1459 cura,

128 1490 198 1538 dene
210 1489 293 1537 ferens
307 1490 401 1550 pelago
415 1497 440 1537 et
452 1490 561 1537 flammis
575 1491 697 1538 restantia
710 1490 817 1538 Troiae:

58 1583 109 1628 680
128 1578 198 1627 hunc
211 1593 259 1639 ego
273 1578 386 1639 sopitum
399 1593 491 1625 somno
505 1593 582 1640 super·
594 1579 647 1626 alta
662 1577 774 1639 Cythera

129 1674 173 1714 aut
186 1681 263 1729 super
275 1667 387 1714 idalium
400 1675 500 1715 saerata
513 1668 574 1715 sede
586 1668 735 1725 recondam,

128 1769 214 1817 nequa
226 1755 291 1803 scire
305 1756 380 1803 doles
393 1756 524 1803 mediusve
537 1769 671 1803 occurrere
684 1755 773 1816 possit.

129 1851 156 1891 tu
169 1843 262 1892 faeiem
275 1844 344 1891 illius
357 1851 459 1891 nectem
473 1860 525 1891 non
540 1844 651 1906 amplius
665 1858 745 1890 unsun

129 1932 191 1982 falla
204 1933 266 1981 delo
280 1940 305 1981 et
318 1940 393 1980 notos
407 1933 479 1995 pueri
493 1948 557 1995 puer
569 1932 648 1980 indue
661 1933 753 1991 voltus,

58 2026 108 2070 685
122 2029 157 2092 put
170 2036 228 2069 curn
241 2028 265 2069 te
278 2022 376 2083 gremio
391 2022 500 2084 accipiet
513 2022 654 2069 laetissima
666 2021 736 2068 Dido

108 2093 110 2097 Ι
127 2110 221 2171 regalis
234 2110 301 2158 inter
314 2125 414 2158 mensas
429 2111 583 2172 laticemque
596 2111 720 2172 Lyaeum,

130 2213 188 2248 eum
203 2199 274 2248 dabit
287 2201 421 2262 amplexus
435 2206 511 2261 atque
525 2199 615 2247 oscula
628 2200 715 2247 dulcia
727 2199 797 2261 figet,

129 2288 260 2335 occultum
273 2288 382 2351 inspires
396 2288 482 2348 ignem
495 2288 623 2350 fallasque
636 2279 754 2336 veneno'

165 2375 243 2424 Paret
254 2377 337 2423 Amor
350 2376 423 2424 dictis
438 2391 513 2424 carae
526 2377 662 2437 genetricis
675 2383 700 2424 et
713 2376 769 2424 alas

59 2468 110 2512 690
129 2463 201 2512 exuit
214 2473 239 2512 et
251 2480 340 2526 gressu
353 2465 470 2526 gaudens
483 2465 580 2514 incedit
591 2465 651 2513 Iuli.

130 2560 157 2601 at
168 2553 256 2601 Venus
270 2553 384 2601 Ascanio
398 2554 533 2618 placidam
544 2570 592 2620 per
604 2554 733 2604 memora
744 2551 871 2613 udaeam

122 2640 257 2701 irrigaret
269 2642 356 2694 fotum
368 2648 475 2709 gremio
492 2648 546 2700 dea
558 2647 639 2698 toiiit
648 2646 685 2693 in
695 2643 774 2692 uites
