1808 2956
47 187 108 237 428
285 197 312 236 Ρ.
329 194 451 236 venem
471 192 606 235 HABONIS

118 353 190 403 deest
208 353 261 402 iam
280 361 348 401 terra
372 352 463 414 fugae:
490 351 601 414 pelagus
620 350 770 404 ‘ihoiamne
790 362 855 418 pete·

418 431 499 488 musi’

118 532 182 581 haec
196 532 232 580 ait
244 538 270 580 et
282 530 381 579 medius
395 530 489 578 densos
502 529 652 592 prorumpit
665 530 694 578 in
707 530 804 582 hostis.

47 626 99 670 3⁸0
119 621 209 669 obvius
223 621 282 668 huic
294 620 415 682 primum,
430 617 491 666 fatis
503 617 632 667 adductus
646 618 761 682 iniquis,

119 708 250 771 fitLagns.
278 709 355 766 hunc,
371 721 466 768 magno
474 706 546 754 vellit
556 706 619 754 dum
626 707 748 769 pondere
756 725 853 767 saxum,

119 798 215 846 intorto
229 797 286 859 figit
298 797 359 854 telo,
375 795 526 843 discrimina
538 795 616 843 costis

118 901 165 949 per
177 887 291 935 medium
304 900 355 947 qua
368 884 443 946 spina
456 883 549 942 dabat,
569 883 730 948 hastamque
745 894 855 951 receptat

120 975 385 1023 ossibushaerentem.
409 985 547 1034 quemuon
556 983 760 1037 superoccupat
768 976 853 1033 Hisbo,

49 1069 100 1113 3⁸5
120 1064 165 1112 ille
178 1064 283 1126 quidem
296 1062 346 1110 hoc
356 1075 477 1124 sperans:
492 1075 553 1108 nem
560 1060 649 1109 Pelles
657 1070 720 1112 ante
728 1073 853 1122 ruentem,

121 1153 183 1200 dum
196 1152 265 1210 furit,
282 1151 414 1198 incautum
428 1148 525 1197 crudeli
539 1155 622 1197 morte
635 1152 738 1200 sodalis

121 1240 217 1302 excipit
230 1248 307 1301 atque
321 1253 408 1287 ensem
422 1237 520 1285 tumide
534 1237 561 1283 in
574 1238 702 1299 pulmone
716 1243 844 1290 recondit.

121 1329 182 1377 hinc
196 1326 346 1376 Sthenelum
360 1327 424 1389 petit
436 1333 461 1375 st
472 1325 566 1374 Rhoeti
580 1326 704 1388 degente
718 1337 822 1379 vetusta

123 1417 322 1474 Anchemolum,
339 1415 467 1463 thalamos
480 1429 572 1461 ausum
582 1413 711 1466 incestare
719 1433 854 1469 novercae.

52 1511 103 1555 390
123 1521 167 1553 vos
182 1506 268 1564 etiam,
283 1503 389 1567 gemini,
405 1503 506 1551 Rutulis
520 1503 649 1551 cecidistis
663 1504 691 1552 in
706 1509 786 1568 ervis,

123 1594 224 1643 Daucia
236 1593 331 1642 Laride
344 1591 525 1655 Thymberque
539 1591 673 1641 simillima
686 1596 788 1657 proles,

123 1684 262 1732 indisereta
274 1683 326 1731 suis
340 1689 480 1743 gratusque
492 1680 642 1743 parentibus
656 1696 745 1744 error,

124 1780 151 1822 at
163 1788 233 1821 nunc
246 1773 311 1820 dura
324 1770 394 1820 dedit
406 1769 478 1817 vobis
492 1770 642 1817 discrimina
654 1771 762 1821 Pallas:

124 1876 183 1910 nam
197 1861 252 1920 tibi,
268 1859 406 1923 Thymbre,
422 1865 500 1921 caput
506 1858 653 1906 Euandrius
661 1858 772 1910 abstulit
782 1863 858 1920 ensis,

54 1956 104 1999 395
125 1958 149 1999 te
162 1951 248 1999 decisa
261 1965 345 2008 suom,
361 1947 465 2006 Laride,
481 1948 587 1995 dexteru
600 1948 703 2010 quaerit

124 2039 339 2101 semianimesque
352 2037 449 2085 micant
463 2036 535 2098 digiti
550 2035 698 2098 ferrumque
706 2045 858 2087 retractant.

125 2129 242 2177 Arcadas
256 2141 378 2176 accensos
391 2125 491 2173 monitu
505 2132 530 2173 et
543 2125 678 2187 praeclara
691 2127 791 2175 tuentis

127 2218 194 2267 faeta
207 2219 253 2266 viri
266 2217 361 2265 mixtus
375 2214 451 2263 dolor
463 2220 489 2262 et
501 2214 585 2276 pudor
598 2220 682 2262 armat
694 2213 722 2261 iu
737 2214 832 2264 hostis.

126 2314 180 2356 turn
193 2308 281 2356 Pallas
295 2305 389 2366 biiugis
403 2303 544 2364 fugientem
558 2301 675 2350 Rhoetea
687 2310 793 2364 practer

57 2403 108 2446 400
127 2398 220 2446 traicit.
249 2396 298 2442 hoc
311 2393 423 2456 spatium
437 2399 589 2453 tantumque
602 2405 692 2439 morae
705 2390 756 2440 fuit
768 2393 822 2441 llo.

128 2487 167 2535 llo
181 2498 294 2546 namque
307 2482 397 2546 procul
411 2482 525 2530 validam
538 2481 667 2528 direxerat
679 2479 801 2528 hastam:

129 2590 208 2640 quam
221 2573 321 2622 medius
331 2571 461 2619 Rhoeteus
475 2569 613 2631 intercipit,
629 2567 726 2629 optime
733 2567 861 2628 Teuthra,

119 2677 145 2720 te
158 2667 267 2736 fugiens
281 2665 448 2730 fratremque
457 2660 568 2725 Tyren,
580 2665 711 2712 curruque
719 2654 828 2697 nomme
