1808 2956
244 141 412 182 GEORGICON
430 144 517 184 Lissa
533 146 565 184 11.

73 300 175 349 semina
186 316 192 358 3
213 314 276 348 neve
289 300 348 348 olea
360 300 483 348 silvestris
496 301 579 350 insere
593 310 713 352 truncos:

73 404 136 437 nam
149 402 227 451 saepe
240 388 349 436 incautis
363 388 510 451 pastoribus
523 391 619 439 excidit
631 392 707 454 ignis,

74 478 129 540 qui,
145 477 234 524 furtim
247 477 336 539 pingui
350 478 462 540 primum
475 478 522 526 sub
536 481 632 529 cortice
645 489 734 539 tectus,

28 572 54 615 )5
74 566 171 615 robora
183 566 337 628 conprendit
349 565 506 629 frondesque
519 569 622 631 elapsus
636 569 661 616 in
676 570 740 617 altas

74 655 208 717 ingentem
221 656 294 703 caelo
306 655 420 703 sonitum
433 656 512 716 dedit,
528 658 589 705 inde
602 666 703 706 secutus

73 758 121 807 per
133 758 220 791 ramos
233 744 314 791 victor
325 758 423 806 perque
436 746 489 793 alta
502 747 637 794 cacumina
650 754 741 807 regnat

75 840 100 882 ct
113 839 196 880 totum
209 832 316 880 involvit
327 833 436 880 flammis
449 849 540 882 nemus
553 844 579 882 et
591 835 642 882 ruit
655 844 736 882 atram

75 922 108 970 ad
124 921 224 969 caelum
237 921 311 983 picea
324 937 424 970 crassus
437 923 548 984 caligine
562 924 665 984 nubem,

28 1016 55 1058 ιο
75 1010 227 1074 praesertim
240 1010 261 1057 si
275 1016 412 1073 tempestas
426 1013 547 1061 avertice
561 1013 631 1061 silvis

75 1098 195 1148 incubuit
206 1099 385 1162 glomeratque
398 1100 481 1148 ferens
495 1102 615 1150 incendia
628 1110 725 1150 ventus.

76 1189 127 1236 hoc
140 1188 194 1246 ubi,
210 1202 263 1234 non
276 1203 292 1236 a
304 1188 383 1251 stirpe
396 1190 483 1237 valent
496 1204 637 1252 caesaeque
651 1191 739 1239 reverti

76 1283 186 1341 possunt
199 1283 276 1339 atque
289 1277 342 1325 ima
354 1278 450 1326 similes
464 1280 615 1327 revirescere
630 1288 710 1340 terra3

76 1366 169 1414 infelix
181 1373 286 1428 superat
298 1366 366 1414 soliis
380 1368 490 1415 oleaster
506 1369 608 1416 amaris.

28 1460 56 1504 15
111 1454 166 1503 Nec
173 1453 219 1502 tibi
227 1461 280 1502 tam
287 1455 398 1517 prudens
407 1457 543 1519 quisquam
554 1459 706 1520 persuadeat
717 1465 807 1506 auctor

76 1545 196 1593 tellurem
209 1543 287 1591 borea
300 1544 410 1605 rigidam
424 1545 537 1607 spirante
550 1561 660 1594 movere.

75 1648 137 1680 rurs
149 1633 210 1695 gelu
224 1639 278 1680 tum
292 1633 389 1683 claudit
402 1634 482 1682 hiems
496 1649 544 1682 nec
557 1636 654 1682 semine
667 1636 734 1683 iacto

76 1728 225 1770 concretam
237 1722 334 1783 patitur
347 1723 461 1771 radicem
474 1724 587 1785 adfigere
600 1732 690 1772 terrae.

76 1811 175 1874 optima
188 1810 279 1857 vinetis
292 1811 367 1868 satio,
384 1827 444 1860 cum
457 1827 515 1860 vere
528 1813 628 1860 rnbcnti

28 1905 56 1949 20
75 1900 190 1950 candida
202 1899 271 1947 venit
283 1901 335 1947 avis
350 1901 434 1962 longis
447 1901 530 1949 invisa
543 1901 664 1960 colubris,

75 1989 161 2052 prima
173 1989 213 2036 vel
227 1988 344 2036 autumni
358 1989 404 2037 sub
418 1989 524 2051 frigora,
541 2005 599 2037 cum
612 1991 716 2052 rapidus
731 1989 776 2038 Sol

75 2079 194 2126 nondum
213 2078 325 2126 hiemem
347 2078 475 2139 contingit
497 2079 584 2140 cquis,
611 2079 663 2126 iam
686 2080 807 2141 praeterit

379 2175 471 2214 aestas.

75 2271 120 2304 ver
133 2256 200 2303 adeo
213 2254 298 2302 frondi
312 2270 455 2312 nemorum,
472 2270 514 2303 ver
526 2256 588 2304 utile
601 2255 687 2314 silvis3

75 2357 136 2392 vere
149 2350 250 2390 tument
262 2351 343 2392 terrae
356 2352 382 2392 et
393 2344 518 2403 genitalia
531 2345 629 2392 semina
642 2351 759 2407 poscunt.

28 2437 55 2480 25
75 2440 132 2480 tum
145 2439 218 2495 pater
231 2433 393 2495 omnipotens
408 2433 523 2481 fecundis
537 2433 661 2480 imbribus
675 2433 771 2480 Aether

77 2520 197 2582 coniugis
210 2521 238 2569 in
250 2522 377 2583 gremium
391 2522 473 2569 laetae
487 2521 620 2569 descendit
632 2528 657 2569 et
670 2535 758 2568 omncs

75 2621 188 2673 magnus
201 2610 249 2658 alit
260 2625 356 2671 magno
370 2610 523 2658 commixtus
538 2624 647 2674 corpore
658 2609 749 2665 letus„
