1808 2956
306 190 455 230 auuuroos
472 192 559 230 mauu
574 193 605 230 11.
793 182 851 229 179

128 349 240 410 cingitur
253 364 283 396 ao
296 349 390 395 densos
404 347 483 396 fertur
495 348 633 394 moriturus
647 348 674 394 in
687 347 782 395 hostes.

128 437 233 485 aedibus
246 437 273 483 in
286 437 377 484 mediis
390 437 512 497 nudoque
525 436 571 483 sub
585 436 696 484 aetheris
710 451 759 485 axe

127 527 218 586 ingens
232 540 277 573 ara
290 525 339 572 fuit
350 525 474 586 iuxtaque
488 524 622 572 veterrima
635 525 731 583 laurus,

128 614 279 661 incumbens
293 628 353 661 arae
366 619 443 674 atque
453 612 547 660 ⁴umbra
560 613 689 674 conplexa
705 619 819 675 penates.

57 709 107 751 515
127 702 170 750 hio
183 701 290 750 Hecuba
303 709 328 750 et
340 709 417 750 natae
430 701 589 763 nequiquam
602 701 696 748 altaria
709 701 814 759 circum,

128 791 281 853 praecipites
295 797 350 839 atra
364 805 409 838 eeu
424 796 574 851 tempestate
588 788 733 847 columbae,
837 770 840 777 ¹

128 880 274 927 condensae
287 887 312 926 et
325 878 410 925 divom
424 877 560 940 amplexae
572 877 711 924 simulacra
723 877 856 925 sedebant.

128 969 213 1030 ipsum
231 974 317 1017 autem
330 967 437 1028 sumptis
450 965 582 1013 Priamum
600 965 761 1013 iuvenalibus
778 966 858 1014 armis

128 1063 156 1103 ut
168 1057 240 1114 vidit,
253 1045 330 1122 ‘quae
344 1069 416 1103 mens
429 1061 481 1102 tam
496 1055 560 1113 dira,
576 1054 719 1102 miserrime
732 1055 857 1113 coniunx,

57 1150 108 1193 520
128 1145 224 1207 inpulit
235 1145 275 1191 his
289 1144 358 1205 cingi
372 1143 449 1191 telis?
468 1150 513 1191 aut
526 1158 577 1205 quo
590 1134 670 1200 ruis?²
688 1143 780 1205 inquit.

124 1223 188 1280 ‘non
202 1233 248 1281 tali
262 1233 361 1280 auxilio
375 1246 422 1279 neo
436 1230 613 1278 defensalibus
627 1231 681 1278 istis

128 1328 227 1384 tempus
241 1327 313 1382 eget3
332 1334 394 1378 non,
410 1320 430 1367 si
444 1320 499 1382 ipse
512 1335 583 1368 meus
597 1334 666 1367 nune
680 1319 780 1367 adforet
793 1319 862 1367 Hec-

430 1415 478 1455 tor.

128 1496 178 1545 huo
191 1497 295 1545 tandem
310 1496 437 1555 concede3
457 1495 521 1544 haec
535 1512 580 1544 ara
594 1496 706 1545 tuebitur
719 1495 813 1553 omnis,
880 1550 882 1555 y

128 1591 173 1633 aut
185 1585 295 1632 moriere
308 1575 404 1631 simul'
429 1585 465 1632 sie
479 1599 522 1632 ore
536 1585 613 1632 effata
627 1585 723 1647 recepit

57 1678 107 1722 525
128 1673 161 1720 ad
176 1687 231 1720 sese
245 1680 269 1720 et
282 1687 356 1720 sacra
368 1673 522 1734 longaevom
536 1672 562 1719 in
576 1673 637 1720 sede
651 1673 755 1720 locavit.

164 1759 231 1806 Ecce
244 1766 329 1807 autem
342 1761 444 1822 elapsus
458 1760 549 1822 Pyrrhi
564 1761 595 1808 de
610 1761 688 1809 caede
701 1760 810 1818 Polites,

129 1861 195 1894 unus
214 1855 334 1895 notorum
346 1848 452 1908 Priami,
467 1850 586 1911 portem,
602 1863 647 1912 per
660 1848 751 1907 hostis,

128 1936 269 1998 porticibus
283 1936 368 1997 longis
382 1937 448 1997 fugit
461 1945 486 1984 et
498 1953 579 1985 vacua
592 1937 658 1985 atria
671 1937 763 1985 lustrat

128 2025 239 2072 saucius.
267 2024 341 2072 illum
355 2025 448 2073 ardens
462 2025 554 2074 infesto
567 2026 672 2073 volnere
685 2025 798 2087 Pyrrhus

57 2119 108 2162 530
128 2113 279 2175 insequitur,
294 2114 346 2161 iam
358 2113 462 2174 iamque
473 2128 552 2161 manu
564 2121 665 2162 tenetet
672 2114 766 2176 premit
773 2114 857 2162 hasta,

72 2213 75 2218 ·
128 2209 156 2249 ut
168 2202 273 2249 tandem
286 2208 346 2249 ante
360 2202 450 2248 oeulos
464 2202 544 2250 evasit
557 2208 582 2250 et
595 2217 640 2250 ora
653 2211 798 2264 parentum,

128 2291 241 2338 concidit
254 2305 284 2338 ao
297 2289 379 2335 multo
392 2289 471 2335 vitam
485 2305 543 2337 oum
556 2290 683 2351 sanguine
696 2290 770 2337 fudit.

128 2379 170 2426 hio
182 2378 316 2435 Priamus,
339 2391 497 2438 quamquam
515 2379 542 2424 in
560 2378 645 2426 media
663 2379 716 2427 iam
728 2386 810 2427 morte
823 2385 860 2427 te-

432 2473 515 2525 netur,

128 2569 181 2601 non
195 2562 279 2603 tamen
294 2553 419 2603 abstinuit
432 2567 482 2604 nee
494 2555 557 2605 roei
567 2556 686 2617 iraeque
695 2548 844 2614 paperem·-

49 2648 99 2689 535
120 2631 156 2688 ‘at
167 2642 214 2688 tibi
224 2657 274 2706 pro
288 2638 399 2697 seelere’
413 2637 651 2711 exclamat,‘pro
663 2639 779 2690 talmus
791 2623 887 2675 aas&

689 2727 705 2768 l
714 2713 756 2765 ἱ*
