1808 2956
248 143 418 184 Gnonulcou
439 146 526 184 tisun
543 147 562 184 Ι.

74 295 188 359 votaque
200 294 292 346 servati
306 298 407 346 solvent
418 298 445 344 in
459 294 534 345 litore
551 296 645 346 nautae

75 385 178 434 Glauco
192 392 218 433 et
229 385 367 448 Panopeae
380 391 405 432 et
417 385 483 432 Inoo
496 385 653 434 Melicertae.

74 474 115 522 sol
129 480 233 539 qnoque
247 480 272 521 et
285 473 403 521 exoriens
417 479 442 520 et
455 488 513 520 cum
525 488 553 521 se
565 474 659 522 condet
669 473 696 521 in
708 475 802 532 undas,

74 563 151 624 signe
164 561 249 620 dubit;
264 562 346 609 solem
359 561 501 609 certissima
513 562 589 622 signa
601 572 732 621 secuntur,

28 658 53 699 ιο
74 659 100 700 et
113 663 180 712 quae
194 661 269 697 mane
282 649 359 698 refert
371 656 396 697 et
409 663 475 711 quae
486 650 651 710 'surgentibus
665 647 749 698 astris.

74 739 120 786 ille
134 738 178 785 ubi
193 745 339 786 nascentem
352 738 461 786 maculis
473 738 609 786 variaverit
622 746 707 786 ortum

75 827 196 876 conditus
209 827 236 874 in
249 825 344 874 nubem
356 825 494 889 medioque
507 825 630 888 refugerit
642 826 712 886 orbe,
725 825 727 829 '

74 915 187 978 suspecti
201 914 247 963 tibi
260 915 312 962 sint
324 915 433 974 imbres;
448 930 561 978 namque
573 922 666 977 urguet
679 915 710 963 ab
725 916 779 964 alto

75 1003 264 1066 arboribusque
277 1004 390 1067 satisque
403 1011 479 1056 notus
493 1005 631 1068 pecorique
644 1004 755 1053 sinister.

28 1100 54 1142 15
76 1100 123 1140 eut
135 1092 179 1140 ubi
193 1092 240 1140 sub
254 1093 339 1141 lucem
353 1093 432 1142 densa
445 1093 511 1142 inter
523 1093 614 1141 nubila
626 1107 682 1142 sese

76 1180 170 1230 diversi
183 1188 303 1244 rumpent
316 1181 382 1229 radii
396 1188 440 1229 aut
453 1181 497 1228 ubi
511 1181 612 1244 pallida
624 1188 711 1243 surget

75 1269 184 1318 Tithoni
197 1283 317 1317 croceum
330 1270 449 1332 linquens
462 1269 566 1317 Aurora
579 1269 673 1329 cubile,

75 1359 126 1406 heu
140 1359 276 1405 maletum
289 1357 358 1406 mitis
372 1358 492 1406 defendet
505 1359 642 1421 pampinus
655 1369 733 1417 uvas}
795 1391 797 1394 -
832 1348 834 1350 ¹

75 1455 129 1495 tam
141 1447 225 1494 multa
237 1446 264 1493 in
277 1446 350 1494 tectis
365 1447 493 1510 crepitans
505 1448 566 1495 salit
576 1446 683 1494 horrida
693 1445 803 1507 grando.

28 1542 56 1584 50
75 1536 126 1584 hoc
140 1536 226 1593 etiarn,
242 1549 346 1582 emenso
360 1550 418 1583 cum
431 1536 483 1583 iarn
497 1536 597 1584 decedit
610 1533 723 1597 Olympo

76 1623 202 1687 profuerit
214 1623 362 1671 meminisse
375 1625 457 1686 magis
471 1623 545 1688 (num
557 1638 634 1686 saepo
646 1623 761 1671 videmus

75 1713 156 1775 ipsius
169 1711 197 1759 in
210 1712 282 1759 voltu
295 1712 379 1759 varios
393 1727 478 1761 errare
491 1711 612 1775 colores),

76 1802 211 1850 caeruleus
224 1799 339 1862 pluviam
352 1800 495 1859 denuntiat,
510 1799 600 1862 igneus
614 1814 704 1859 enros3

75 1890 115 1937 sin
130 1888 249 1936 maculae
263 1889 388 1951 incipient
400 1889 478 1936 rutilo
491 1888 649 1936 inmiscerier
662 1887 724 1949 igni,

28 1983 56 2026 55
77 1978 167 2026 omnia
179 1984 232 2024 turn
247 1976 342 2038 pariter
355 1983 430 2024 vento
444 1975 589 2039 nimbisque
601 1976 699 2024 videbis

76 2066 187 2114 fervere:
203 2079 256 2112 non
270 2065 318 2113 iila
331 2065 468 2128 quisquam
480 2079 522 2112 me
535 2071 610 2113 nocte
624 2080 669 2127 per
682 2065 764 2113 altum

75 2155 113 2202 ire
126 2168 211 2216 neque
225 2153 256 2202 ab
271 2161 339 2202 terre
351 2161 453 2202 moveat
466 2153 611 2202 convellere
625 2154 720 2201 funem.

76 2251 102 2291 at
114 2243 136 2290 si
151 2257 209 2290 cum
223 2242 366 2304 referetque
380 2243 449 2290 diem
462 2242 607 2304 condetque
620 2242 731 2290 relatum

74 2332 177 2380 lucidus
191 2329 261 2377 orbis
276 2331 332 2389 erit,
348 2331 443 2379 frustra
455 2331 582 2379 terrebere
595 2330 689 2378 nimbis

28 2426 56 2469 50
75 2427 101 2470 et
113 2420 186 2468 claro
199 2418 276 2466 silvas
291 2433 378 2467 cernes
391 2420 515 2482 aquilone
527 2419 633 2466 moveri.

75 2508 189 2569 denique
202 2507 264 2569 quid
277 2522 366 2570 vesper
380 2522 450 2555 serus
462 2508 547 2567 vehet,
563 2507 632 2555 unde
644 2522 748 2555 serenes

74 2603 166 2646 ventus
180 2602 242 2658 egat
253 2595 344 2655 nubes,
360 2596 424 2658 quid·
437 2597 532 2659 cogitet
544 2596 648 2645 umidus
661 2601 764 2654 auster„
779 2585 780 2590 ¹
