1808 2956
299 185 325 223 P·
343 184 463 222 VERGlLl
485 182 617 222 MARONIS

131 341 246 390 caeditur
259 349 284 390 et
296 351 392 389 veteres
406 342 495 388 ineunt
508 340 661 403 proscaenia
673 340 728 389 ludi

129 431 296 493 praemioque
309 430 419 491 ingeniis
433 444 514 492 pagos
528 437 553 478 ct
566 430 680 492 compita
693 431 788 479 circum

129 519 259 568 Thesidae
272 533 379 582 posuere
394 527 471 581 atquc
484 520 551 567 intcr
562 519 658 581 pocula
670 519 730 567 laeti

130 609 251 657 mollibus
264 610 291 655 iu
304 609 384 670 pratis
397 616 489 655 unctos
502 607 602 655 saluere
616 622 662 669 per
674 615 751 655 utres.

60 703 110 745 385
129 713 178 750 ¹uec
191 712 243 744 non
257 697 376 755 Ausonii,
393 696 472 744 Troia
484 711 548 757 gcus
561 696 649 755 missa,
667 697 753 745 coloni

131 787 243 835 versibus
257 786 394 847 incomptis
408 786 502 833 ludunt
514 785 619 846 risuque
632 786 718 833 soluto

131 891 228 938 oraque
242 874 379 924 corticibus
392 882 497 921 sumunt
510 873 640 921 horrenda
652 874 748 922 cavatis

131 971 156 1012 et
169 972 202 1022 to,
218 964 329 1022 Bocche,
346 971 439 1010 vocant
451 977 496 1024 pcr
510 962 626 1009 carmina
639 963 708 1010 lueto
721 963 817 1026 tibique

132 1053 224 1100 oscilla
237 1068 269 1100 cx
283 1054 336 1099 altu
349 1052 509 1114 suspendunt
521 1051 612 1099 mollia
625 1051 697 1113 pinu.

61 1147 111 1188 390
131 1141 191 1188 hinc
205 1141 289 1188 onmis
304 1141 376 1202 largo
390 1140 507 1202 pubescit
518 1139 594 1186 vinea
606 1140 668 1197 fetu,

104 1223 107 1229 ’
132 1230 285 1291 conplentur
297 1231 428 1291 vallesque
442 1243 518 1277 cavae
532 1229 664 1291 saltusque
676 1230 799 1292 profundi

132 1327 156 1366 et
169 1334 332 1381 quocumque
346 1319 408 1367 deus
422 1319 518 1365 circum
534 1325 611 1380 cuput
623 1318 677 1379 egit
689 1318 833 1368 honestum.

131 1422 192 1469 orgo
207 1409 253 1456 u'te
267 1423 342 1455 suum
354 1407 459 1455 Baccho
473 1407 587 1454 dicemus
600 1407 727 1455 honorem

134 1495 290 1544 carminibus
303 1497 392 1558 patriis
406 1498 543 1558 lancesque
557 1503 582 1543 et
594 1495 648 1544 liba
660 1495 771 1545 feremus

60 1589 110 1632 395
132 1592 157 1632 et
170 1585 261 1632 ductus
275 1600 354 1632 cornu
369 1585 446 1632 stabit
459 1600 531 1632 sacer
542 1585 629 1632 hircus
644 1586 676 1632 cd
691 1601 763 1633 aram

131 1673 289 1735 pinguiaque
302 1673 328 1719 in
342 1673 443 1720 veribus
457 1673 609 1721 torrebimus
623 1681 682 1721 exte
696 1675 818 1724 colurnis.

165 1762 212 1809 Est
224 1763 302 1810 etium
316 1763 360 1810 illc
374 1763 448 1810 labor
461 1763 581 1809 curandis
595 1762 688 1810 vitibus
702 1764 776 1822 alter,

131 1851 171 1899 cui
192 1866 333 1913 numquam
353 1852 470 1899 exhausti
490 1852 552 1899 satis
572 1861 624 1900 est:
649 1866 763 1914 numque
786 1866 858 1901 omno

432 1941 583 2002 quotannis

129 2036 219 2091 terque
245 2038 386 2092 quetcrque
411 2030 496 2076 solum
521 2029 691 2077 scindendum
716 2031 859 2094 glaebaque

432 2118 509 2165 versis

59 2212 110 2254 400
131 2194 261 2255 aeternum
276 2207 421 2268 frangenda
435 2206 589 2265 bidentibus,
606 2222 683 2255 omne
696 2207 836 2257 levandum

130 2297 327 2345 l'rondeuemus.
348 2296 413 2344 rodit
424 2297 546 2358 agricolis
558 2296 633 2344 labor
645 2304 717 2344 actus
731 2298 758 2344 iu
772 2299 857 2347 orbern

129 2393 207 2448 utque
220 2386 247 2433 iu
260 2400 287 2433 sc
300 2400 347 2433 suu
360 2399 405 2446 per
417 2385 526 2447 vestigia
538 2386 647 2432 volvitur
659 2400 751 2434 annus.

129 2490 160 2524 ac
172 2475 226 2522 iem
239 2474 310 2532 olim,
326 2488 395 2522 seras
408 2474 496 2536 posuit
508 2490 567 2522 cum
579 2475 655 2522 vinea
667 2474 782 2536 frondes,

129 2562 238 2625 frigidus
251 2571 277 2610 et
289 2562 359 2610 silvis
371 2563 460 2625 aquilo
474 2564 586 2612 decussit
598 2563 733 2623 honorem,

56 2649 109 2697 405
129 2652 182 2701 ium
195 2661 249 2700 tum
262 2665 321 2700 acer
334 2651 566 2700 cumvenientem
584 2653 699 2700 extendit
716 2653 743 2700 iu
762 2667 858 2722 anuum
