1808 2956
62 167 122 214 258
300 175 325 213 P.
343 173 464 212 VERGILI
485 171 616 212 annolus
669 167 671 170 ’

129 338 184 379 tum
197 338 266 379 satus
279 329 404 387 Anchisa,
421 329 519 377 cunctis
533 343 565 377 ex
577 344 649 380 more
662 333 776 394 vocatis,

59 426 109 468 245
130 420 252 468 victorem
265 434 361 480 magna
373 419 508 481 praeconis
521 433 583 467 voce
598 416 763 470 Cloanthum

130 509 244 557 declarat
256 508 383 569 viridique
397 507 498 554 advelat
510 514 627 569 tempora
640 509 724 569 lauro,

131 611 289 659 muneraque
302 596 328 643 in
343 595 413 642 navis
427 602 513 643 ternos
527 603 616 658 optare
629 597 755 646 iuvencos

130 686 240 748 unaque
253 693 278 733 et
290 684 389 745 argenti
403 698 525 744 magnum
540 684 584 730 dat
596 684 662 733 ferre
676 687 817 737 talentum.

131 774 193 837 ipsis
206 773 358 836 praecipuos
373 771 521 819 ductoribus
535 773 608 819 addit
620 772 750 823 honores:

61 869 112 911 250
131 863 221 911 victori
241 861 403 922 chlamydem
426 868 558 919 auratam,
584 863 800 924 quamplurima
819 866 865 913 cir·

433 964 492 997 cum

131 1053 245 1102 purpura
257 1038 399 1086 Maeandro
413 1038 510 1100 duplici
524 1038 653 1087 Meliboea
666 1042 792 1101 cucurrit,

131 1129 295 1189 intextusque
307 1140 371 1188 puer
384 1126 507 1174 frondosa
519 1127 605 1189 regius
619 1127 666 1175 Ida

130 1216 231 1264 veloces
244 1216 330 1264 iaculo
345 1230 432 1264 cervos
446 1230 573 1278 cursuque
586 1215 686 1277 fatigat,

131 1318 199 1362 acer,
215 1303 347 1351 anhelanti
361 1304 461 1363 similis,
477 1319 554 1366 quem
567 1319 674 1367 praepes
688 1305 720 1354 ab
735 1306 785 1355 Ida

61 1398 111 1441 255
131 1392 268 1440 sublimem
280 1392 389 1455 pedibus
402 1393 488 1455 rapuit
500 1392 567 1440 lovis
582 1394 692 1454 armiger
704 1396 799 1455 uncis;

131 1481 250 1542 longaevi
264 1481 364 1544 palmas
377 1481 536 1543 nequiquam
550 1484 581 1530 ad
595 1482 680 1530 sidera
693 1484 806 1533 tendunt

132 1572 250 1621 custodes
264 1571 394 1633 saevitque
408 1586 502 1618 canum
515 1572 623 1618 latratus
636 1571 661 1618 in
676 1586 761 1619 auras.

132 1661 215 1724 atqui
229 1661 322 1710 deinde
336 1661 422 1709 locum
436 1660 517 1707 tenuit
529 1660 621 1708 uirtute
634 1660 788 1719 seeundum,

131 1750 229 1799 levibus
242 1750 303 1798 huic
316 1749 399 1796 hamis
413 1755 557 1797 consertam
571 1762 686 1810 auroque
700 1748 814 1799 trilicem

62 1842 113 1886 260
132 1839 249 1897 loricam,
266 1854 343 1900 qua-m
355 1838 482 1885 Demoleo
497 1837 642 1884 detraxerat
654 1837 709 1900 ipse

131 1926 213 1974 victor
226 1927 294 1990 apud
307 1926 426 1988 rapidum
440 1925 573 1974 Simoenta
586 1926 632 1973 sub
645 1925 695 1973 llio
708 1927 771 1985 alto,

133 2014 213 2063 donat
225 2014 320 2063 habere
334 2015 397 2073 viro,
414 2015 491 2063 decus
505 2022 530 2062 et
542 2021 657 2062 tutamen
670 2015 697 2061 in
711 2015 800 2063 araris.

132 2103 175 2152 vix
188 2104 261 2152 illam
274 2103 364 2151 famuli
376 2102 495 2165 Phegeus
509 2102 665 2165 Sagarisque
679 2103 797 2153 ferebant

133 2192 313 2255 multiplicem,
329 2193 416 2240 conixi
429 2192 539 2250 umeris3
559 2191 664 2239 indutus
678 2200 705 2239 at
717 2193 781 2240 olim

64 2284 115 2329 265
134 2280 275 2331 Demoleos
288 2297 364 2330 cursu
377 2281 493 2343 palantes
506 2280 588 2327 Troas
602 2280 704 2341 agebat.

133 2370 209 2418 tertia
221 2370 291 2418 dona
303 2369 366 2418 facit
377 2370 495 2431 geminos
509 2383 541 2417 ex
553 2384 611 2417 aere
624 2369 722 2417 lebetas

134 2458 287 2521 cymbiaque
300 2465 408 2519 argento
421 2457 535 2519 perfecta
548 2465 625 2520 atque
639 2472 730 2520 aspera
742 2459 835 2520 signis.

133 2545 239 2609 iamque
252 2548 317 2596 adeo
331 2547 420 2594 donati
434 2560 522 2595 ornnea
536 2545 681 2609 opibusque
694 2547 797 2609 superbi

115 2635 243 2699 puniceis
253 2637 333 2688 ibant
345 2637 444 2689 evincti
458 2643 582 2702 tempora
591 2634 690 2691 taedis,
