1808 2956
308 202 456 243 nannmos
472 203 561 242 mnan
579 204 608 242 V.
794 193 854 240 268

127 360 251 409 victorem
263 360 348 408 Buten
360 359 458 408 inmani
472 373 589 422 corpore,
605 359 650 422 qui
663 374 691 407 se

127 449 255 512 Bebrycia
267 449 370 498 veniens
383 449 474 510 Amyci
489 449 521 496 de
534 455 610 509 gente
624 448 730 507 serebat,

128 537 240 602 perculit
252 545 278 586 et
289 538 359 586 fulve
372 538 555 584 moribundum
568 537 684 585 extendit
695 536 802 584 harena.

57 633 108 678 375
129 627 188 674 talis
202 626 286 688 prima
297 626 381 674 Dares
395 632 472 688 caput
485 627 566 673 altum
579 626 606 672 in
619 626 718 688 proelia
730 625 799 673 tollit

129 714 292 777 ostenditque
305 729 407 762 umeros
420 715 486 761 latos
499 714 650 775 alternaque
662 713 742 762 iactat

130 802 252 852 bracchia
263 803 420 866 protendens
434 809 459 850 et
470 801 587 850 verberat
598 801 691 850 ictibus
705 816 790 850 auras.

130 892 262 954 quaeritur
285 891 346 939 huie
369 891 450 949 alius,
476 905 524 939 nec
548 891 686 953 quisquam
705 904 737 938 ex
758 890 861 952 agmine

433 985 506 1026 tanto

131 1069 209 1117 audet
222 1068 293 1116 adire
306 1068 388 1115 virum
401 1048 572 1129 manibusque
585 1067 707 1116 inducere
720 1075 830 1116 caestus.

59 1166 111 1208 380
131 1173 192 1220 erge
206 1157 299 1207 alacris
312 1163 470 1218 cunctosque
482 1163 575 1218 putans
589 1157 713 1205 excedere
726 1157 815 1219 palma

131 1248 236 1295 Aeneae
248 1247 318 1295 stetit
331 1252 390 1293 ente
404 1245 481 1308 pedes
495 1259 543 1292 nec
556 1244 632 1306 plura
644 1252 759 1293 moratus

132 1343 186 1384 tum
199 1335 274 1383 laeva
286 1343 389 1382 taurum
402 1349 482 1381 cornu
496 1340 565 1380 tenet
578 1341 655 1395 etque
667 1333 704 1381 ita
717 1334 793 1383 satur.

131 1425 200 1472 ‘nate
213 1424 270 1482 dea,
286 1424 307 1471 si
320 1437 396 1471 nemo
410 1422 489 1471 audet
501 1436 528 1470 se
541 1422 645 1470 eredere
657 1436 770 1485 pugnae,

134 1527 199 1576 quae
212 1511 270 1560 finis
283 1511 386 1559 standi?
406 1525 457 1573 quo
470 1525 511 1558 me
524 1511 598 1559 decet
610 1525 691 1573 nsque
703 1510 802 1559 teneri?

61 1607 113 1650 385
134 1602 227 1649 ducere
241 1601 310 1648 dona
322 1592 401 1648 iubc.'
426 1599 511 1648 cuncti
524 1599 601 1646 simul
615 1613 659 1647 ore
672 1598 815 1647 fremebant

132 1689 300 1738 Dardanidae
312 1689 437 1750 reddique
449 1689 503 1735 viro
517 1688 645 1750 promissa
657 1686 789 1734 iubebant.

133 1778 176 1826 hie
188 1778 273 1840 gravis
286 1777 417 1825 Entellum
430 1777 505 1825 dictis
519 1777 629 1837 castigat
642 1777 756 1834 Acesten,

132 1867 266 1929 proximus
279 1873 308 1912 nt
319 1865 444 1913 viridante
457 1872 514 1912 toro
528 1865 679 1913 consederat
691 1863 797 1912 herbae.

132 1944 253 2013 ‘Entella5
269 1954 377 2002 heroum
390 1953 522 2016 quondam
535 1953 671 2001 fortissime
683 1952 785 2011 frustra,

61 2050 113 2092 390
134 2051 239 2091 tantane
253 2050 305 2090 tam
317 2043 418 2106 patiens
431 2043 506 2090 nullo
520 2042 659 2090 certamine
672 2041 727 2089 tolli

134 2133 204 2180 dona
217 2132 302 2180 sines?
322 2131 365 2179 ubi
379 2146 448 2179 nunc
461 2131 536 2178 nobis
550 2131 612 2179 deus
625 2131 670 2179 ille
683 2130 813 2192 magister,

134 2221 292 2283 nequiquam
303 2226 459 2267 memoratus
466 2218 551 2281 Eryx?
565 2219 607 2266 nbi
621 2219 690 2267 sema
702 2232 748 2281 per
760 2232 863 2266 omnem

134 2309 295 2357 Trinacriam
308 2316 334 2356 et
346 2308 430 2370 spolia
442 2309 489 2356 illa
502 2307 551 2355 tuis
565 2307 704 2370 pendentia
715 2298 817 2354 tectis?

134 2397 179 2445 illc
192 2397 239 2445 snb
253 2397 317 2445 haee
326 2387 390 2444 ‘non
404 2397 489 2444 laudis
503 2410 636 2444 amornec
648 2395 734 2457 gloria
747 2395 823 2442 cessit

62 2491 114 2534 ³95
134 2487 210 2550 pulsa
222 2493 300 2542 metu,
315 2486 360 2534 sed
374 2485 443 2533 enim
455 2485 556 2546 gelidus
571 2483 688 2531 tardante
701 2489 805 2531 senecta

135 2575 240 2635 sanguis
253 2574 330 2622 hebet
341 2574 489 2637 frigentque
502 2573 598 2622 effetae
606 2572 640 2619 'in
651 2582 770 2631 eorqere
776 2569 862 2612 oxea.

127 2663 152 2708 si
162 2661 228 2710 mini
242 2678 311 2728 quae
325 2666 470 2731 quondam
480 2665 576 2717 iuerat
585 2640 892 2729 quaque'anm‘mss'x*
