1808 2956
265 165 435 207 osossdlcon
452 167 538 205 LIBER
552 168 591 206 tv.
767 160 821 206 127

47 330 77 373 ³5
96 325 176 374 tende
189 330 279 387 petens
292 339 383 386 pacem
396 324 517 373 etfacilis
530 337 651 371 venerare
666 339 793 387 nrtpraeas:

96 426 211 476 numque
225 411 323 460 dabunt
335 413 436 461 veniam
448 413 513 460 votis
526 414 629 474 irasque
644 415 780 462 remittent.

94 502 141 552 ssd
154 501 248 549 medus
261 501 352 550 orandi
366 501 409 563 qui
423 502 456 549 sit
468 502 538 564 prius
552 501 642 549 ordine
656 502 749 551 (licam.

97 597 222 654 quattuor
235 589 343 637 eximios
356 590 496 652 praestanti
510 604 619 652 corpore
632 598 728 647 tarmus,

96 679 140 742 qui
154 677 201 726 tibi
216 692 284 725 nune
297 678 385 725 riridis
399 678 541 739 depascunt
553 693 654 727 summa
668 678 772 740 lipenei.

51 772 80 816 40
96 767 184 828 delige
198 774 223 815 et
235 766 333 815 intaeta
345 767 453 815 tetidem
467 767 564 813 cervice
576 767 705 815 iuveneas.

97 862 221 920 quattuor
234 854 274 902 his
287 870 345 903 aras
360 856 414 902 alta
426 856 459 904 ad
473 855 582 903 delubra
595 856 700 904 demum

97 944 226 994 constitue
239 950 264 992 et
276 958 377 992 sacrum
390 944 486 1004 iugulis
500 943 603 991 demitte
617 959 734 992 eruorem

97 1046 260 1096 corporaque
272 1032 329 1094 ipsa
342 1032 420 1079 boum
433 1032 556 1079 frondoso
571 1033 658 1080 desere
672 1034 739 1080 luen.

97 1128 157 1185 post-
169 1121 213 1169 ubi
227 1135 296 1169 nona
309 1136 369 1169 suos
382 1122 485 1169 Aurora
499 1121 639 1168 ostenderit
652 1129 730 1169 ortus.

48 1210 80 1256 'ab
97 1209 203 1259 inferias
217 1209 314 1272 Orphei
327 1209 442 1258 Lethaea
455 1225 582 1271 papavera
595 1210 679 1257 mittes

97 1307 122 1348 et
134 1299 238 1361 nigram
251 1298 375 1346 natabis
389 1313 462 1345 ovem
476 1299 614 1360 lucumque
627 1299 728 1347 revises.

98 1387 228 1450 placatam
242 1386 385 1448 Eurydicen
398 1387 478 1433 vitula
491 1386 643 1435 venerabere
657 1380 750 1436 eaesa’

99 1474 167 1523 haud
182 1489 270 1522 motu:
293 1475 416 1523 continno
429 1474 517 1523 matris
532 1483 667 1538 praecepta
681 1476 798 1535 facessit3

99 1565 131 1613 ad
145 1563 254 1612 delubra
266 1564 342 1621 venit,
358 1570 514 1611 monstratas
527 1564 700 1615 excitaturae.

48 1654 80 1698 bu
99 1660 221 1715 quattuor
234 1653 342 1700 eximios
356 1653 497 1714 praestanti
512 1667 619 1714 corpore
632 1659 719 1700 taurus

98 1742 170 1790 ducit
182 1751 206 1789 et
220 1741 317 1788 intaeta
329 1740 436 1788 tetidem
449 1741 546 1788 cervice
559 1740 687 1788 iuvencas.

99 1836 157 1891 post
170 1829 213 1877 ubi
227 1844 297 1878 nona
310 1844 370 1876 suos
382 1829 486 1877 Aurora
498 1830 635 1877 induxerat
648 1840 728 1885 ortuis,

98 1918 203 1966 inferias
217 1917 314 1980 Orphei
328 1917 405 1965 mittit
418 1918 555 1979 lucumque
569 1918 663 1965 revisit.

100 2006 141 2054 hie
154 2021 214 2054 vere
227 2006 340 2053 subitum
353 2021 384 2053 ae
398 2007 467 2053 dictu
480 2005 599 2054 mirabile
612 2013 754 2055 rnonstrnrn

50 2097 78 2141 55
98 2095 236 2157 aspiciunt,
252 2094 392 2156 liquefacta
405 2093 483 2141 buum
497 2110 541 2157 per
555 2096 652 2144 viscera
665 2104 719 2143 teto

98 2183 205 2231 stridere
218 2198 279 2245 apes
293 2190 365 2231 utero
379 2191 403 2230 et
416 2183 496 2245 ruptis
510 2184 630 2232 effervere
644 2185 719 2232 costis

98 2271 280 2333 inmensusque
293 2272 358 2319 trahi
373 2271 453 2319 nubes
466 2273 570 2334 iamque
582 2273 674 2321 arbore
690 2289 790 2321 sumnia

98 2359 227 2406 confluere
240 2367 266 2407 et
278 2360 353 2407 lentis
366 2375 441 2407 uvam
455 2361 587 2408 demittere
601 2362 687 2409 ramis.

135 2447 206 2495 Haec
218 2462 295 2510 super
307 2463 425 2495 arvorum
437 2450 507 2496 cultu
520 2464 693 2512 peuurnnrqne
701 2450 824 2498 canebam

49 2540 79 2581 60
99 2544 123 2582 et
135 2551 213 2598 super
225 2535 374 2591 arboribus,
391 2536 488 2586 Caesar·
502 2539 566 2589 dum
579 2556 695 2603 magnus
708 2540 747 2589 ud
758 2540 848 2586 abtum

94 2623 213 2669 fulminat
221 2623 373 2686 Euphraten
389 2628 462 2682 bello
477 2633 625 2701 victorque
637 2630 765 2684 unientis
