1808 2956
71 183 130 230 004
426 186 511 228 orare.

138 347 287 396 Leucothea
299 360 444 408 parvusque
457 345 505 393 dea
518 359 577 393 cum
590 351 672 392 matre
684 343 838 402 Palaemon,

138 436 212 484 illam
226 436 312 494 etiam,
328 436 440 483 alternas
453 433 535 481 sortiti
549 433 631 481 vivere
645 433 726 491 luces,

141 539 201 573 cara
213 524 280 572 Iovis
294 523 407 581 suboles,
422 537 545 584 magnum
558 521 626 569 Iovis
639 521 838 580 incrementum,

140 613 303 675 Tyndaridae
315 613 402 659 niveos
416 611 541 659 mirantur
554 611 659 671 virginis
673 617 753 658 artus.

70 707 121 750 400
140 701 187 749 has
200 702 265 748 adeo
278 715 353 748 voces
367 707 443 762 atque
457 698 520 748 haec
534 699 646 747 lamenta
659 713 705 761 per
718 715 795 747 auras

140 789 258 838 fluctibus
271 789 298 837 in
311 789 401 836 mediis
415 794 506 851 questu
519 787 636 836 volvebat
649 788 730 846 inani,

142 879 173 925 ad
188 878 288 926 caelum
301 877 393 924 infelix
405 876 523 924 ardentia
535 876 635 923 lumina
648 877 766 934 tendens,

141 967 252 1013 lumina:
269 981 329 1012 nam
342 973 441 1013 teneras
455 964 578 1012 arcebant
590 965 693 1012 vincula
707 965 823 1027 palmas:

139 1044 299 1116 ‘supprimite
312 1069 327 1100 o
341 1054 458 1116 paullum
472 1053 566 1100 turbati
579 1053 684 1101 flamina
696 1054 774 1111 venti,

72 1148 121 1190 405
143 1143 204 1190 dum
217 1157 310 1204 queror
323 1151 348 1190 et
361 1143 431 1189 divos
445 1142 615 1204 (quamquam
629 1143 665 1189 nil
679 1142 787 1189 testibus
800 1139 865 1190 illis¹

143 1231 251 1293 profeci)
266 1238 379 1278 extrema
392 1231 504 1278 moriens
517 1237 603 1278 tamen
616 1231 745 1292 adloquor
759 1230 831 1278 hora.

142 1334 257 1379 vosego,
273 1333 317 1365 vos
331 1319 405 1375 adeo,
421 1319 497 1376 venti,
513 1318 633 1377 testabor,
650 1325 675 1366 et
688 1334 775 1378 aurae,

143 1422 195 1464 vos,
211 1406 356 1454 Pandionia
369 1408 436 1468 siqui
450 1407 481 1454 de
494 1414 570 1468 gente
583 1407 688 1454 venitis:

143 1495 245 1543 cernitis
256 1511 262 1553 3
277 1494 323 1543 illa
336 1510 383 1556 ego
397 1511 454 1543 sum
467 1502 578 1556 cognato
591 1496 718 1556 sanguine
731 1495 804 1543 vobis

72 1589 123 1631 410
143 1581 230 1645 Scylla
243 1582 324 1645 (quod
339 1598 353 1630 0
367 1584 437 1631 salva
450 1584 527 1632 liceat
539 1591 563 1632 te
577 1585 661 1633 dicere
674 1584 796 1646 Procne),

143 1672 189 1718 illa
201 1686 249 1732 ego
264 1686 320 1718 sum
332 1672 387 1719 Nisi
401 1673 522 1734 pollentis
535 1672 589 1720 iilia
602 1672 742 1734 quondam,

143 1760 259 1808 certatim
272 1775 304 1808 ex
318 1761 387 1808 omni
401 1761 473 1823 petiit
486 1775 564 1823 quam
578 1759 686 1808 Graecia
699 1775 791 1822 regno,

143 1864 195 1910 qua
208 1863 297 1896 curvus
311 1856 389 1896 terras
403 1849 565 1911 amplectitur
578 1848 769 1911 Hellespontus,

142 1937 189 1983 illa
202 1951 250 1997 ego
263 1951 329 1995 sum,
344 1938 438 1996 Minos,
454 1918 554 2004 sacrato
568 1937 670 1992 foedere
684 1939 800 1984 coniunx

72 2029 123 2072 415
143 2025 213 2072 dicta
226 2025 286 2072 tibi:
302 2031 387 2073 tamen
401 2026 474 2084 haec,
490 2005 536 2088 etsi
549 2040 602 2073 non
616 2025 719 2087 aspicis,
735 2027 820 2075 audis.

142 2114 261 2162 vinctane
275 2122 327 2161 tarn
340 2115 428 2175 magni
442 2101 549 2162 tranabn
562 2114 672 2176 gurgitis
685 2114 788 2161 undas?

142 2201 227 2249 vincta
240 2208 278 2249 tot
291 2202 411 2250 adsiduas
425 2203 543 2266 pendebo
557 2217 589 2251 ex
602 2203 692 2250 ordine
704 2202 794 2251 luces?

142 2303 195 2336 non
209 2290 328 2352 equidem
342 2306 381 2338 me
395 2291 446 2338 alio
459 2306 565 2354 possum
578 2291 733 2339 contendere
746 2291 854 2352 dignam

143 2379 281 2440 supplicio,
297 2380 366 2441 quod
380 2379 416 2427 sic
431 2381 539 2443 patriam
554 2395 678 2442 carosque
692 2387 800 2441 penates

72 2472 124 2514 420
143 2466 259 2514 hostibus
272 2468 407 2530 inmitique
421 2468 508 2516 addixi
522 2469 613 2530 ignara
625 2476 744 2530 tyranno.

142 2570 229 2603 verum
243 2557 330 2614 istaec,
345 2558 438 2616 Minos,
454 2558 514 2605 illos
527 2558 652 2606 scelerata
664 2557 761 2620 putavi,

143 2644 164 2691 ei
179 2651 267 2693 nostra
279 2652 338 2693 ante
351 2646 444 2708 aliquis
457 2646 580 2695 nudasset
592 2645 696 2695 foedera
709 2660 794 2705 casus,
