1808 2956
239 180 385 218 aannroos
404 181 490 218 urana
505 182 567 219 nur.
739 173 798 220 359

74 336 208 384 discedens
223 336 436 398 chlamydemque
450 351 512 383 auro
526 338 597 384 dedit
608 339 772 385 intertextam

73 424 197 487 frenaque
216 424 292 483 bina,
320 439 390 472 meus
412 439 477 487 quae
502 439 570 473 nunc
593 424 685 484 habet,
713 440 800 483 aurea,

374 513 471 560 Pallas.

74 615 135 662 ergo
149 607 175 648 et
187 616 265 662 quam
277 601 362 662 petitis
374 601 462 649 iuncta
474 609 511 648 est
522 601 584 648 mihi
597 601 700 649 foedere
712 602 804 650 dextra

26 695 54 738 l0
74 696 108 747 et,
123 690 169 736 lux
183 703 240 736 eum
254 689 366 750 primum
379 689 451 737 terris
465 703 492 736 se
506 690 618 737 crastina
630 690 728 747 reddet,

73 777 171 825 auxilio
185 777 266 824 laetos
281 777 408 824 dimittam
421 777 564 839 opibusque
577 777 680 825 iuvabo.

73 865 172 912 interea
185 879 259 912 sacra
272 865 344 922 haec,
361 865 465 926 quando
479 865 530 912 huc
543 865 646 913 venistis
660 866 745 924 amici,

74 968 169 1010 annua,
186 967 252 1014 quae
266 953 368 1000 differre
381 953 462 1009 nefas,
479 953 605 1001 celebrate
618 954 731 1002 faventes

75 1041 211 1088 nobiscum
223 1048 248 1088 et
259 1041 311 1089 iam
323 1055 392 1088 nunc
400 1041 530 1088 sociorum
537 1041 680 1090 adsuescite
688 1032 802 1090 mensis.'

26 1135 54 1180 75
111 1128 181 1176 Haec
194 1129 237 1176 ubi
252 1129 329 1186 dicta,
345 1129 424 1191 dapes
437 1129 508 1177 iubet
521 1136 545 1177 et
557 1130 659 1178 sublata
672 1130 762 1192 reponi

74 1218 169 1280 pocula
181 1218 367 1279 gramineoque
379 1218 446 1264 viros
460 1218 530 1266 locat
541 1218 596 1280 ipse
609 1219 684 1266 sedili

74 1306 292 1369 praecipuomque
306 1312 362 1352 toro
376 1313 401 1352 et
413 1305 497 1353 villosi
511 1306 579 1368 pelle
592 1306 674 1354 leonis

74 1394 169 1456 accipit
181 1395 290 1441 Aenean
304 1393 421 1455 solioque
435 1394 526 1441 invitat
539 1409 641 1442 acerno.

74 1489 129 1530 tum
143 1482 201 1529 lecti
214 1481 318 1529 iuvenes
332 1481 448 1530 certatim
462 1497 573 1544 araeque
586 1484 706 1531 sacerdos

26 1577 55 1620 30
74 1571 172 1618 viscera
185 1577 252 1618 tosta
265 1571 350 1619 ferunt
363 1577 494 1618 taurorum
508 1579 667 1632 onerantque
685 1570 803 1618 canistris

74 1660 144 1707 dona
156 1658 290 1706 laboratae
304 1657 404 1706 Cereris
417 1659 602 1720 Bacchumque
615 1659 770 1706 ministrant.

74 1748 183 1795 vescitur
195 1749 298 1795 Aeneas
311 1746 386 1794 simul
401 1754 426 1794 et
438 1745 554 1793 Troiana
566 1746 684 1794 iuventus

74 1835 190 1898 perpetui
205 1842 277 1895 tergo
291 1835 362 1882 bovis
377 1842 401 1882 et
414 1834 563 1881 lustralibus
577 1835 650 1882 extis.

110 1923 251 1985 Postquam
269 1930 388 1985 exempta
406 1923 485 1971 fames
506 1930 531 1970 et
549 1937 622 1969 amor
641 1936 803 1985 compressus

376 2011 478 2069 edendi,

26 2106 54 2150 35
75 2115 120 2148 rex
132 2101 269 2147 Euandrus
283 2089 393 2149 ait‘non
406 2099 470 2147 haec
483 2099 621 2147 sollemnia
634 2098 717 2157 nobis,

75 2189 121 2236 has
135 2203 168 2236 ex
180 2203 252 2236 more
266 2189 354 2250 dapes,
370 2187 437 2235 hanc
450 2187 514 2236 tanti
528 2187 640 2234 numinis
655 2201 724 2232 aram

74 2293 141 2324 vana
154 2277 300 2339 superstitio
313 2282 478 2337 veterumque
491 2277 582 2337 ignara
595 2276 701 2322 deorum

74 2367 203 2428 inposuit:
225 2365 316 2422 saevis,
333 2364 425 2425 hospes
438 2362 561 2422 Troiane,
576 2362 679 2425 periclis

75 2455 168 2502 servati
181 2454 289 2501 facimus
303 2452 459 2513 meritosque
472 2466 596 2500 novamus
610 2451 730 2498 honores.

26 2548 56 2591 90
75 2543 128 2589 iam
142 2537 251 2604 primum
265 2541 334 2588 saxis
347 2554 498 2602 suspensam
515 2540 583 2586 hanc
601 2538 686 2599 aspice
703 2552 808 2596 rupem„

75 2630 196 2678 disiectae
208 2630 301 2694 procul
315 2641 346 2680 ut
357 2630 444 2680 moles
458 2629 621 2689 desertaque
630 2621 737 2669 manha
