1808 2956
89 163 147 212 146
324 173 350 212 Ρ.
367 172 488 212 vunnim
509 171 639 211 annonas

155 329 261 392 rupibus
275 330 405 387 excidunt,
421 329 521 377 scaenis
535 329 628 377 decora
642 330 695 376 alta
708 329 808 376 suturis.

85 423 135 466 430
155 418 239 481 qualis
253 433 314 481 apes
328 425 423 466 aestate
436 432 503 465 nova
516 432 561 480 per
574 417 652 465 florea
665 433 725 464 rura

155 515 257 556 exercet
269 507 316 554 sub
330 508 385 554 sole
399 506 481 565 labor,
498 522 556 554 cum
569 507 653 567 gentis
669 507 772 554 adultos

144 596 268 658 ,educunt
280 595 346 642 setus
360 603 405 642 aut
418 610 476 643 cum
489 595 615 656 liquentia
628 595 707 642 mella

155 685 251 747 stipant
264 691 289 731 ct
302 683 371 731 dulci
385 683 533 731 distendunt
545 691 647 731 nectare
661 684 740 731 cellas

155 781 198 821 aut
211 787 292 821 onera
304 771 435 834 accipiunt
447 772 594 819 venientum
607 779 652 820 aut
665 772 768 833 agmine
781 772 850 821 facto

84 867 133 910 435
154 862 274 924 ignavom
288 861 361 909 sucos
375 875 452 923 pecus
464 876 480 908 a
493 860 659 923 praesepibus
673 870 775 920 areent;

154 950 233 998 fervet
246 965 310 1012 opus
324 949 493 1011 redolentque
506 948 593 1009 thymo
608 950 749 1009 fragrantia
762 950 851 998 mella.

151 1027 178 1085 ιο
191 1038 323 1096 fortunati,
340 1052 450 1099 quorum
462 1038 514 1085 iam
527 1038 631 1084 moenia
643 1030 759 1099 snrgunt'

153 1128 256 1174 Aeneas
271 1127 306 1173 ait
319 1134 344 1174 et
356 1126 460 1187 fastigia
473 1126 580 1188 suspicit
593 1126 671 1174 urbis.

153 1215 231 1262 insert
243 1229 270 1262 se
283 1222 385 1276 saeptus
399 1214 495 1262 nebula
508 1215 639 1276 (mirabile
653 1215 734 1277 dictu)

83 1310 134 1351 440
153 1319 199 1367 per
211 1303 309 1351 medios
323 1303 464 1365 miscetque
477 1303 536 1350 viris
551 1318 634 1365 neqne
647 1304 759 1352 cernitur
771 1305 828 1352 ulii.

188 1392 274 1440 Lucus
288 1392 314 1439 in
327 1391 390 1439 urbe
403 1392 452 1439 snit
463 1392 557 1451 media,
573 1393 728 1440 laetissimus
742 1393 857 1452 umbrae,

154 1496 205 1544 quo
219 1481 330 1544 primum
342 1480 431 1529 iactati
443 1481 519 1528 undis
534 1488 558 1528 et
571 1481 673 1529 turbine
686 1481 766 1529 Poeni

153 1570 265 1619 effodere
278 1570 336 1618 loeo
349 1569 453 1631 signum
466 1570 535 1632 qnod
549 1570 620 1631 regia
632 1571 698 1618 Iuno

153 1666 317 1718 monstrarat,
333 1665 411 1721 caput
424 1659 489 1707 acris
503 1659 578 1720 equi3
598 1659 634 1706 sic
648 1674 707 1705 nam
720 1659 774 1706 sure
787 1658 857 1707 bello

82 1754 131 1796 445
151 1749 283 1810 egregiam
297 1754 322 1796 ct
334 1747 440 1796 facilem
450 1748 518 1796 victu
532 1763 578 1810 per
590 1748 694 1796 saccula
706 1755 818 1808 gentem.

151 1837 194 1885 hie
207 1837 332 1900 templum
345 1837 439 1884 Iunoni
452 1837 544 1898 ingens
557 1835 666 1884 Sidonia
678 1837 748 1884 Dido

91 1928 93 1932 '
152 1925 289 1984 condebat,
306 1926 379 1973 donis
394 1927 546 1989 opulentum
560 1933 584 1974 et
598 1926 702 1974 numine
716 1927 798 1986 divae,

152 2029 228 2063 aerea
240 2014 281 2063 cui
294 2014 416 2076 gradibus
430 2015 570 2077 surgebant
583 2015 674 2062 limina
687 2016 814 2077 nixaeque

152 2117 210 2152 aere
223 2103 317 2162 trebes,
333 2103 430 2152 foribus
444 2105 522 2152 cardo
536 2103 659 2151 stridebat
672 2104 753 2151 aenis.

81 2197 131 2239 «150
151 2191 202 2240 hoc
214 2191 326 2255 primum
338 2192 365 2239 in
379 2193 439 2241 luco
453 2208 520 2240 nova
532 2208 572 2241 res
586 2192 673 2240 oblata
689 2193 807 2240 timorem

151 2281 232 2340 leniit,
248 2280 291 2328 hie
304 2281 415 2343 primum
427 2283 529 2330 Aeneas
542 2296 644 2344 sperare
657 2281 766 2329 salntem

151 2384 228 2418 ausus
241 2376 267 2418 et
279 2369 387 2417 adflictis
400 2370 492 2418 melius
506 2370 635 2419 confidere
648 2369 732 2418 rebus.

150 2472 263 2520 namque
276 2458 322 2506 sub
336 2459 434 2520 ingenti
448 2459 541 2506 lustrat
553 2459 615 2506 dum
627 2460 731 2520 singula
743 2460 850 2522 templo,

147 2547 266 2607 reginam
280 2547 425 2610 opperiens,
442 2548 503 2595 dum
517 2562 584 2609 quae
597 2547 700 2596 fortuna
713 2549 745 2595 sit
758 2549 815 2596 urbi

52 2633 109 2674 455
126 2633 320 2700 artificumque
332 2653 430 2690 manns
443 2639 514 2690 inter
528 2653 557 2689 se
572 2651 734 2703 operumque
741 2636 864 2684 iuberem
