1808 2956
57 184 117 232 430
296 193 322 231 Ρ.
339 189 460 230 venerat
478 187 611 229 nanetus

127 349 232 410 agmina
245 354 403 397 concurrunt
415 346 574 409 ducibusque
588 352 614 394 et
625 347 727 396 viribus
741 349 836 412 aequis

127 438 236 486 extremi
250 439 393 486 addensent
405 437 472 485 acies
486 450 534 484 nec
547 435 623 483 turba
635 437 737 485 moveri

128 527 180 575 tela
192 541 335 588 manusque
348 524 416 573 sinit.
445 525 505 572 hinc
518 523 607 572 Pallas
625 525 706 573 instat
719 533 747 574 et
760 541 841 588 urguet

128 615 188 663 hinc
202 614 414 672 contrahamus,
430 627 478 661 nec
490 614 600 660 multum
614 612 750 676 discrepat
764 623 839 674 aetas,

58 708 107 751 435
129 704 224 765 egregii
238 702 337 762 forma3
351 702 395 750 sed
409 701 465 764 quis
478 701 593 748 Fortuna
606 710 717 762 negarat

128 793 155 839 in
169 793 279 854 patriam
292 792 397 839 reditus.
425 791 495 852 ipsos
509 804 663 838 concurrere
676 806 772 853 passus

128 880 197 929 haud
211 888 297 929 tamen
311 881 377 928 inter
389 894 417 928 se
429 879 517 941 magni
531 885 653 940 regnator
668 877 792 944 Olympi:

129 984 190 1017 mox
203 969 262 1017 illos
276 984 323 1016 sua
336 969 389 1017 sata
401 974 507 1016 manent
519 966 616 1015 maiore
630 967 678 1014 sub
693 968 781 1018 hosta.

164 1058 267 1106 Interea
279 1072 352 1105 soror
365 1058 435 1104 alma
447 1062 535 1103 monet
549 1056 687 1104 succedere
701 1056 793 1107 Lauso

59 1152 109 1195 440
129 1146 254 1205 Turnum,
270 1145 315 1208 qui
328 1145 426 1194 volucri
440 1159 515 1193 curru
528 1145 642 1192 medium
654 1153 729 1194 secat
742 1163 840 1209 agmen.

130 1242 158 1281 ut
170 1235 234 1282 vidit
246 1235 339 1293 socios,
352 1225 463 1296 ‘tempus
477 1233 598 1281 desistere
612 1248 726 1295 pugnae.

130 1323 201 1370 solus
214 1338 263 1383 ego
276 1323 303 1369 in
316 1322 437 1370 Pallanta
450 1321 526 1381 feror,
542 1322 591 1369 soli
605 1321 669 1369 mihi
683 1323 775 1372 Pallas

131 1411 246 1459 debetur.
274 1425 395 1474 cuperem
407 1411 462 1473 ipse
474 1425 566 1472 parens
580 1418 710 1473 spectator
723 1404 841 1462 adesset.¹

132 1500 196 1549 haec
209 1500 253 1559 ait,
269 1508 294 1548 et
307 1499 370 1547 socii
384 1506 515 1548 cesserunt
528 1513 640 1561 aequore
652 1499 733 1548 iusso.

61 1595 110 1638 445
132 1597 158 1638 at
170 1590 295 1637 Rutulum
308 1587 428 1636 abscessu
442 1587 540 1635 iuvenis
554 1594 617 1645 turn,
632 1588 705 1636 iussa
718 1591 830 1653 superba

130 1680 247 1739 miratus,
263 1684 348 1739 stupet
360 1676 387 1723 in
400 1676 489 1724 Turno
503 1690 648 1738 corpusque
662 1678 816 1741 peringens

132 1768 231 1815 lumina
243 1767 321 1815 volvit
334 1765 438 1826 obitque
452 1765 516 1812 truci
531 1765 621 1826 procul
635 1765 726 1813 omnia
738 1767 805 1825 visu,

131 1856 225 1904 talibus
239 1862 264 1904 et
278 1855 352 1902 dictis
365 1854 385 1900 it
399 1854 570 1901 contradicta
586 1853 698 1914 tyranni.

128 1935 185 1992 ‘aut
197 1944 286 2006 spoliis
301 1957 349 2003 ego
362 1943 415 1989 ium
428 1942 507 2004 raptis
521 1941 648 1990 laudabor
661 1942 757 2004 opimis

62 2039 113 2082 450
132 2041 177 2080 aut
189 2033 241 2080 leto
255 2031 359 2093 insigni.
389 2031 451 2078 sorti
464 2038 537 2093 pater
550 2045 625 2078 aecus
639 2030 777 2092 utriquest.

132 2122 195 2169 tolle
208 2113 310 2169 minas?
336 2120 401 2167 latus
416 2120 529 2167 medium
543 2118 659 2181 procedit
672 2119 699 2165 in
714 2135 823 2182 aequor.

132 2210 241 2271 frigidus
254 2208 400 2258 Arcadibus
414 2208 466 2256 coit
478 2208 505 2255 in
518 2207 671 2271 praecordia
684 2209 803 2268 sanguis.

133 2299 237 2347 desiluit
249 2299 351 2346 Turnus
365 2297 468 2358 biiugis,
485 2298 562 2359 pedes
577 2304 686 2358 apparat
698 2296 736 2344 ire

134 2388 286 2445 comminus,
303 2393 382 2449 utque
396 2387 446 2444 leo,
462 2387 568 2447 specula
581 2400 639 2433 cum
652 2385 716 2431 vidit
729 2384 762 2432 ab
777 2388 832 2434 alta

63 2482 114 2526 455
134 2484 201 2525 stare
214 2476 305 2539 procul
320 2474 417 2537 campis
431 2474 598 2522 meditantem
607 2473 841 2535 inproeliatauruu

134 2565 246 2622 advolat,
262 2563 331 2611 haud
346 2561 399 2610 alia
412 2568 450 2609 est
461 2562 542 2609 Turni
555 2562 679 2610 venientis
692 2562 791 2623 imago.

124 2657 199 2708 lruuc
212 2654 259 2706 ubi
273 2653 430 2718 contiguum
441 2651 540 2700 missae
550 2651 609 2697 lore
621 2649 841 2696 excurtamus.
