1808 2956
269 151 438 192 GlthRGIGON
456 152 543 191 LIBER
555 153 597 191 Ill.
792 147 827 191 87

103 309 163 358 talis
177 309 270 371 etipse
283 307 370 357 iubam
383 309 480 358 cervice
493 309 584 357 effudit
596 310 691 372 equina

67 438 69 444 ,
103 399 222 459 coniugis
235 397 346 445 adventu
359 398 451 459 pernix
464 396 590 446 Saturnus
604 405 629 446 et
641 399 722 446 altum

102 488 195 536 Pelion
208 486 311 533 hinnitu
325 486 425 546 fugiens
438 485 545 548 inplevit
557 493 642 534 acuto.

56 579 83 624 95
137 575 215 624 Hune
234 589 353 637 quoque,
379 574 422 622 ubi
443 581 487 622 aut
504 575 594 622 morbo
614 576 698 637 gravis
718 582 763 622 aut
781 575 831 622 iarn

406 663 509 724 segnior
522 664 596 711 annis

102 752 198 810 deficit,
214 751 281 799 abde
295 751 372 798 domo
386 765 433 799 nee
446 753 514 813 turpi
529 752 635 812 ignosce
649 760 782 800 senectae:

102 840 213 902 frigidus
226 840 253 886 in
266 839 394 887 Venerem
407 840 502 898 senior,
519 840 664 902 frustraque
678 841 793 889 laborem

102 929 234 990 ingratum
247 928 340 986 trahit,
356 935 382 976 et
394 928 522 990 siquando
536 929 568 976 ad
582 930 682 990 proelia
694 937 830 987 ventumst,

102 1024 132 1064 ut
144 1016 277 1079 quondam
291 1017 317 1063 in
331 1017 432 1078 stipulis
445 1031 554 1078 maguus
568 1017 622 1065 sine
635 1018 729 1065 viribus
743 1018 810 1079 ignis

56 1110 83 1152 00
103 1106 234 1154 incessum
248 1105 317 1153 furit.
345 1120 407 1166 ergo
421 1106 521 1153 animos
535 1121 676 1168 aevumque
689 1106 790 1154 notabis

103 1195 259 1256 praecipue3
279 1194 339 1242 hinc
353 1195 417 1242 alias
431 1201 506 1251 artes,
522 1195 673 1256 prolemque
686 1202 830 1256 parentum,

104 1291 129 1332 et
142 1283 201 1346 quis
215 1283 310 1344 cuique
324 1282 399 1329 dolor
411 1282 487 1339 victo,
503 1297 569 1343 quue
582 1283 666 1343 gloria
678 1283 788 1344 palmae.

103 1386 191 1420 nonne
204 1371 283 1429 vides,
299 1386 357 1418 euin
371 1370 504 1432 praecipiti
519 1372 658 1418 certamine
672 1385 790 1433 campum

104 1459 253 1522 corripuere
265 1466 394 1521 ruuntque
408 1459 481 1506 effusi
496 1473 597 1506 carcere
611 1474 708 1518 currus,

56 1553 83 1596 05
104 1563 164 1596 cum
176 1562 234 1610 spes
248 1555 362 1596 arrectae
375 1548 503 1605 iuvenum,
520 1548 714 1609 exultantiaque
731 1547 816 1594 haurit

104 1638 185 1685 corde
198 1651 278 1699 pavor
290 1635 415 1698 pulsans?
440 1636 477 1683 illi
493 1636 590 1683 instant
601 1635 705 1683 verbere
719 1643 785 1682 torto

103 1734 130 1774 et
142 1725 217 1788 proni
232 1725 295 1772 dant
307 1724 372 1782 lora,
388 1724 458 1771 volat
469 1723 492 1769 vi
507 1723 617 1771 fervidus
632 1723 696 1780 auis,

103 1815 210 1876 iamque
222 1812 342 1870 humiles,
358 1813 461 1873 iamque
475 1812 534 1859 clati
549 1812 659 1859 sublime
672 1811 790 1858 videntur

104 1917 167 1951 aera
179 1916 225 1964 per
237 1915 346 1948 vacuum
359 1900 417 1948 ferri
432 1907 509 1962 atque
523 1902 660 1961 adsurgere
673 1899 699 1945 in
713 1913 798 1956 auras,

56 1996 84 2039 10
104 2005 154 2038 nec
167 2004 249 2045 mora,
265 2004 312 2036 nec
326 1989 437 2051 requies,
454 1997 480 2036 nt
493 1989 576 2036 fulvae
590 1987 691 2034 nimbus
705 1987 816 2034 herenae

104 2079 215 2136 tollitur,
230 2084 365 2125 umescunt
377 2078 474 2139 spumis
487 2077 600 2139 flatuque
612 2083 779 2138 sequentum:

105 2174 193 2216 tantus
207 2181 279 2213 umor
292 2166 407 2224 laudum,
423 2173 510 2213 tantae
523 2172 561 2213 est
573 2165 680 2212 victoria
693 2178 779 2211 curae.

104 2256 204 2320 primus
217 2254 401 2302 Erichthonius
416 2269 503 2302 currus
517 2261 542 2300 et
555 2260 676 2315 quattuor
689 2267 765 2299 ausus

105 2346 214 2405 iungere
227 2357 306 2404 equos
320 2342 477 2404 rapidusque
491 2342 553 2388 rotis
566 2342 683 2388 insistere
696 2341 784 2388 victor.

56 2439 84 2481 15
106 2433 181 2481 srena
193 2431 351 2479 Pelethronii
365 2429 492 2492 Lapithae
507 2444 634 2490 gyrosque
648 2429 741 2477 dedere

105 2519 213 2583 inpositi
227 2519 304 2567 dorso
318 2526 395 2581 atquc
408 2519 520 2580 equitem
534 2518 644 2564 docuere
657 2517 703 2564 sub
718 2516 795 2563 armis

105 2609 233 2658 insultare
246 2608 302 2655 solo
316 2614 341 2655 et
352 2621 455 2668 gressus
468 2606 613 2667 glomerare
625 2604 757 2667 superbos.
