1808 2956
347 129 467 170 ECLOGA
487 132 516 171 V·

56 291 85 333 50
104 287 191 348 aspice
204 301 319 335 convexo
332 293 466 334 nutantem
478 289 592 350 pondere
605 288 730 336 mundum

103 383 235 437 terrasque
249 381 396 437 tractusque
409 375 486 422 maris
498 377 650 439 caelumque
661 377 826 439 profondum.

103 464 189 526 aspice
202 473 309 512 venturo
323 464 451 511 laetantur
464 470 492 512 ut
504 465 592 511 omnia
603 466 698 513 saeclo.

103 568 118 600 o
132 552 195 599 mihi
210 559 263 599 tam
277 552 371 612 longae
383 558 487 599 maneat
498 566 557 613 pars
571 552 662 599 ultima
674 553 749 611 vitae,

102 641 207 703 spiritus
221 647 254 698 et,
270 646 395 701 quantum
408 647 447 687 sat
461 641 508 687 erit
521 647 566 686 tua
579 640 663 688 dicere
676 641 757 689 faeta:

56 733 81 777 55
102 744 153 776 non
167 743 209 776 me
222 728 377 775 carminibus
390 728 475 775 vincet
487 742 534 776 nec
547 727 673 776 Thracius
688 728 807 792 Orpheus

102 833 148 866 nec
162 817 259 875 Linus,
281 816 340 864 huic
360 825 440 864 mater
460 817 575 879 quamvis
594 824 671 880 atque
684 817 745 871 huic
758 825 830 881 pater

404 905 479 964 adsit,

102 995 200 1057 Orphei
215 992 359 1056 Calliopea,
374 993 441 1040 Lino
455 994 582 1040 formosus
595 994 701 1057 Apollo,

56 1140 58 1145 Ι
100 1084 157 1131 Pan
171 1083 257 1140 etiarn,
273 1082 388 1130 Arcadia
400 1096 501 1129 mecam
514 1082 535 1129 si
548 1082 633 1132 iudice
647 1088 734 1139 (semet,

101 1171 158 1218 Pan
171 1171 249 1219 ctiam
261 1171 376 1219 Arcadia
388 1171 457 1218 dicat
469 1184 496 1217 se
508 1169 592 1223 iudice
605 1171 709 1217 victum.

56 1262 84 1305 50
103 1259 196 1320 incipe,
211 1274 288 1321 parve
300 1273 372 1321 puer,
388 1259 440 1305 risu
455 1271 610 1318 cognoscere
624 1266 743 1306 matrem:

107 1345 182 1392 matri
193 1347 271 1408 longa
285 1348 374 1394 decem
387 1347 501 1394 tulerunt
513 1346 616 1392 fastidia
628 1361 738 1394 menses.

105 1432 196 1496 incipe,
212 1450 288 1497 parve
301 1449 379 1498 puer:
402 1435 442 1482 cui
456 1448 508 1480 non
521 1434 599 1482 risere
612 1443 738 1496 parentes,

102 1537 150 1570 nec
163 1523 225 1571 deus
239 1523 307 1571 hunc
320 1537 418 1581 mensa,
434 1522 483 1569 dea
495 1536 542 1569 nec
555 1522 661 1584 dignata
675 1523 784 1571 cabilist.

325 1896 476 1951 ECLOGA
498 1898 531 1950 V.

259 2054 428 2092 MENALCAS.
473 2054 599 2092 MOPSUS.
623 2108 625 2115 Α

101 2245 146 2276 ara.
169 2226 224 2275 Cur
236 2242 304 2286 non,
323 2227 428 2290 Mopse,
450 2227 512 2274 boni
526 2228 648 2289 quoniam
662 2230 826 2276 convenimus

401 2316 487 2375 ambo,
545 2362 547 2366 Α

101 2411 128 2452 tu
142 2405 256 2452 calamos
269 2404 358 2452 inflare
371 2405 442 2462 levis,
459 2418 507 2465 ego
522 2404 605 2451 dicere
621 2417 717 2462 versus,

100 2493 144 2541 hic
156 2492 250 2554 corylis
262 2493 355 2540 mixtas
368 2493 435 2541 inter
448 2492 605 2540 considimus
619 2491 720 2539 ulmos?

100 2596 149 2629 uo.
170 2580 211 2628 Tu
222 2581 321 2641 maior3
334 2581 380 2629 tibi
393 2588 687 2643 meestaecumparcre,
696 2577 837 2624 mesaneos

84 2663 209 2719 Vergilius.
664 2661 687 2708 ‘2
