1808 2956
305 187 453 224 ansuinus
472 188 558 226 urana
577 189 620 226 rx.
799 181 858 228 389

133 343 216 390 ‘mene
229 342 307 403 igitur
320 342 419 389 socium
432 344 538 390 summis
552 344 692 405 adiungere
705 345 789 403 rebus,

134 431 203 489 Nise,
219 430 303 491 sugis?
317 431 401 477 solum
414 438 438 478 te
452 432 478 477 iu
491 439 564 479 tantu
577 432 691 494 pericula
704 433 821 481 mittam?

133 534 186 567 non
200 520 236 567 ita
248 533 289 566 me
302 519 413 579 genitor,
429 518 503 566 bellis
517 520 637 567 adsuetus
651 519 783 583 Opheltes,

63 614 113 655 200
133 608 287 669 Argolicum
300 615 423 654 terrorem
437 608 503 654 inter
515 607 662 670 Troiaeque
676 609 777 657 labores

133 696 263 744 sublatum
277 695 379 751 erudiit,
395 709 442 742 nee
456 702 540 742 tecum
553 696 616 743 talia
628 697 705 757 gessi,

133 785 328 846 magnanimum
340 785 448 831 Aenean
462 792 487 830 et
500 783 553 831 fata
566 792 680 832 extrema
692 793 807 832 secutus:

134 882 171 921 est
184 873 235 930 hic,
252 881 289 920 est
302 873 403 919 animus
416 872 482 919 lucis
497 869 658 934 contemptor
670 881 695 920 et
707 873 785 920 iatum

133 962 177 1023 qui
191 962 242 1008 rita
255 961 320 1008 bene
334 961 422 1008 credat
434 960 493 1018 emi,
509 975 561 1022 quo
575 961 667 1019 tendis,
684 953 827 1008 honorem’

62 1057 112 1098 205
133 1050 210 1096 Nisus
224 1050 256 1096 ad
270 1049 334 1096 haec
344 1038 475 1111 ‘equidem
489 1048 519 1095 de
533 1056 558 1096 te
570 1048 608 1095 nil
621 1049 672 1096 tale
685 1050 799 1108 verebar,

134 1151 181 1184 nec
195 1137 241 1193 sas,
257 1151 323 1183 non:
339 1137 376 1184 ita
388 1151 428 1184 me
441 1137 535 1184 referat
547 1136 593 1183 tibi
606 1151 715 1198 magnus
730 1145 850 1185 ovantem

133 1224 248 1287 Iuppiter
260 1232 305 1271 aut
317 1225 473 1287 quicumque
487 1225 568 1272 oculis
582 1224 645 1272 haec
659 1226 751 1288 aspicit
760 1226 859 1288 aequis.

133 1314 177 1361 sed
191 1313 280 1375 siquis,
297 1328 363 1375 quae
375 1314 457 1360 multa
469 1314 540 1361 vides
554 1313 701 1361 discrimine
715 1314 769 1375 tali,

134 1403 215 1464 siquis
229 1402 255 1448 in
269 1402 404 1449 adversum
417 1402 501 1463 rapiat
514 1417 619 1449 casusve
632 1403 734 1460 deusve,

62 1477 114 1538 210
132 1498 156 1538 tc
170 1505 301 1552 superesse
315 1491 407 1548 velim;
423 1498 467 1536 tua
479 1489 531 1535 vita
545 1489 647 1549 dignior
660 1497 739 1537 aetas.

133 1580 164 1625 sit
178 1579 221 1638 qui
236 1592 276 1624 me
289 1585 391 1638 raptum
405 1591 493 1637 pugna
506 1577 618 1637 pretiove
631 1577 792 1638 redemptum

133 1667 238 1712 nrandct
251 1664 340 1720 humo,
364 1664 441 1710 solita
455 1671 499 1709 aut
511 1665 586 1724 siqua
599 1664 625 1709 id
639 1664 742 1713 fortuna
755 1665 859 1723 vetabit,

134 1752 232 1799 absenti
247 1753 310 1798 ferat
325 1751 429 1798 inferias
444 1751 598 1812 decoretque
611 1751 757 1812 sepulchro.

134 1856 184 1888 neu
198 1840 273 1886 matri
287 1839 396 1885 miserae
410 1838 473 1885 tanti
488 1840 536 1894 sirn
550 1853 628 1886 causa
641 1838 746 1897 doloris,

62 1937 111 1978 215
134 1943 201 1991 quae
214 1935 238 1975 te
252 1928 317 1985 sola,
333 1941 405 1989 puer,
421 1927 508 1973 multis
522 1941 536 1974 e
549 1926 672 1973 matribus
687 1942 750 1974 ausa

133 2016 303 2080 persequitur,
318 2015 406 2075 magni
420 2029 467 2062 nec
481 2015 584 2062 moenia
597 2023 668 2062 curat
681 2007 811 2063 Acestae'

132 2107 175 2154 ille
190 2114 274 2153 autem
286 2095 388 2152 ‘causas
402 2104 560 2165 nequiquam
574 2104 654 2151 nectis
668 2104 761 2161 inanis,

132 2210 179 2242 nec
192 2209 250 2241 mea
262 2194 314 2240 iam
328 2199 426 2239 mutata
440 2192 497 2239 loco
511 2192 638 2240 sententia
651 2192 727 2239 cedit.

132 2283 315 2331 adeeleremus'
329 2281 372 2328 ait.
402 2280 491 2340 vigiles
506 2280 583 2327 simul
598 2279 700 2327 excitat.
727 2279 765 2326 illi

61 2378 112 2419 ‘220
133 2372 273 2418 succedunt
286 2376 438 2430 servantque
451 2369 534 2426 vices3
554 2368 665 2414 statione
678 2367 769 2414 relicta

131 2460 186 2520 ipse
200 2473 285 2506 cemes
299 2457 361 2503 Niso
376 2456 493 2517 graditur
506 2469 645 2516 regemque
658 2455 800 2516 requirunt.

168 2545 261 2593 Cetera
274 2560 319 2607 per
332 2554 411 2593 terras
426 2544 508 2591 omnis
523 2543 649 2590 animalia
666 2557 761 2589 somne

127 2633 253 2680 laxabant
266 2649 341 2682 curas
356 2642 381 2682 et
397 2635 481 2683 corda
494 2631 743 2681 carissimorum·-
