1808 2956
62 177 123 224 546
279 180 284 187 ’
404 183 513 222 cmx.

131 341 209 388 Doris
222 341 404 387 Erichthonias
416 339 555 402 prosu-siit
566 338 685 386 funditus
698 354 779 388 arces.

132 430 253 477 reddidit.
268 429 329 477 heu.
344 427 440 475 Graius
452 442 550 490 poenas
563 428 620 484 tibi,
635 427 726 486 Troia,
742 427 827 482 ruenti,

131 517 348 579 Hellespontiacis
361 516 478 562 obiturus
490 516 604 562 reddidit
617 516 705 563 undis.

131 608 177 654 illa
190 607 257 653 vices
271 605 406 651 bominum
419 613 511 651 testata
524 615 563 651 est
576 605 654 666 copia
667 606 809 666 quondam,

61 701 112 742 ³40
132 710 164 742 ne
177 696 315 756 quisquam
328 695 449 756 propriae
462 693 581 740 fortunae
594 707 702 740 munere
716 694 786 741 dives

132 783 180 830 iret
193 783 321 829 inex-ectus
334 783 435 829 caelum
449 796 540 842 super:
561 796 638 828 omne
651 783 800 844 propinquo

133 870 261 931 frangitur
273 871 385 917 insidiae
398 871 451 917 telo
465 871 551 917 decus.
579 870 634 917 ibat
647 870 675 916 in
689 871 772 918 altum

132 959 169 1004 ris
182 958 280 1019 Argiva
292 968 382 1019 petens
394 959 504 1020 patriam
518 959 652 1020 ditataque
665 960 766 1020 praede

132 1047 199 1094 arcis
212 1046 413 1103 Erichthoniue;
433 1061 518 1094 comcs
532 1047 592 1094 huic
604 1055 660 1094 erat
675 1062 741 1095 aura
754 1045 849 1095 secundi

62 1141 113 1182 345
133 1149 179 1197 per
191 1135 323 1196 placidum
337 1151 412 1182 cursu
426 1136 549 1196 pelagus3
570 1135 659 1183 Nereis
673 1136 793 1183 abunda

133 1224 208 1284 signa
220 1222 307 1279 dabat,
323 1237 382 1284 pars
395 1222 495 1270 inflexis
509 1232 658 1285 superacta
671 1224 784 1283 carinis3

134 1327 192 1358 cum
204 1325 250 1358 seu
264 1311 367 1358 caelesti
382 1311 435 1357 fato
448 1326 492 1358 seu
506 1312 596 1358 sideris
610 1319 668 1358 ortu

134 1399 248 1460 undique
261 1407 375 1446 mutatur
387 1400 453 1446 caeli
467 1401 543 1457 nitor,
559 1401 648 1448 omnia
660 1402 753 1460 ventis,

135 1488 224 1535 omnia
236 1487 380 1535 turbinibus
393 1496 452 1535 sunt
464 1489 552 1536 anxia.
579 1489 632 1536 iam
645 1490 725 1537 maris
738 1491 809 1537 unda

64 1582 116 1625 ³50
135 1576 261 1624 sideribus
275 1585 355 1624 certat
367 1590 532 1638 consurgere,
548 1577 652 1639 iamque
665 1593 778 1640 superne

135 1666 264 1728 corripere
277 1674 302 1714 et
314 1666 382 1713 soles
396 1673 421 1713 et
433 1665 517 1712 sidera
531 1674 624 1712 cuncta
637 1667 751 1714 minatur

136 1769 166 1800 ac
179 1769 252 1801 ruere
265 1754 291 1801 iu
306 1763 385 1801 terras
399 1754 463 1802 caeli
477 1753 573 1814 fragor.
602 1754 643 1802 hic
656 1757 737 1802 modo
751 1758 819 1804 laeta

135 1843 211 1904 copia
224 1857 292 1889 nunc
305 1843 404 1890 miseris
418 1843 592 1890 circumdatur
605 1843 683 1891 anxia
697 1844 766 1901 fatis,

135 1932 322 1993 inmoriturque
335 1946 411 1993 super
424 1931 515 1978 fluctus
528 1939 553 1979 et
565 1947 628 1978 sana
642 1931 782 1994 Capherei,

65 2026 115 2068 355
135 2019 263 2068 Euboicas
277 2028 321 2066 aut
334 2035 379 2081 per
391 2027 478 2067 cautes
491 2021 649 2081 Aegaeaque
662 2021 714 2069 late

135 2108 220 2166 litora,
241 2123 299 2156 cum
312 2109 439 2170 Phrygiae
452 2109 547 2171 passim
561 2122 627 2168 vaga
639 2111 738 2170 praeda
750 2125 846 2173 peremi

436 2204 477 2244 tae

136 2284 242 2331 fluctuat
255 2286 337 2332 omnis
351 2286 377 2333 in
393 2300 520 2348 aequoreo
535 2285 668 2347 navifraga
681 2294 774 2335 tractu.

136 2372 178 2421 hic
191 2373 234 2422 alii
248 2374 336 2421 sidunt
348 2375 442 2436 pariles
455 2375 554 2421 virtutis
571 2375 670 2422 honore

136 2462 227 2510 heroes
240 2462 383 2524 mediisque
396 2464 437 2510 siti
451 2469 510 2510 sunt
522 2462 624 2511 sedibus
639 2477 738 2522 omnes,

61 2557 115 2604 ³60
134 2565 224 2603 omnes
237 2551 322 2603 Roma
335 2552 413 2602 decus
425 2553 514 2614 magni
527 2566 591 2614 quos
604 2552 711 2612 suspicit
724 2552 804 2601 orbis.

121 2647 168 2701 bie
179 2647 259 2702 Fabii
272 2646 422 2713 Deciique,
435 2643 483 2694 bic
497 2648 536 2690 esu
548 2636 697 2688 exuemus
703 2637 798 2688 exime„
