1808 2956
69 173 130 221 290
308 181 333 220 1³.
352 180 473 220 versem
494 180 625 220 naseins

138 337 256 387 Hectoris
270 337 312 386 hic
325 337 412 398 magui
427 336 510 384 fuerat
523 351 625 395 eomes,
645 336 763 386 Hectora
774 339 865 387 circum

138 433 164 476 et
176 427 240 475 lituo
254 440 354 489 pugnas
367 424 476 486 insignis
488 424 579 472 obibat
590 433 616 473 et
628 424 713 473 hasta.

139 521 277 578 postquam
289 514 365 562 illum
377 501 429 560 uita
441 513 523 560 victor
535 513 656 576 spoliavit
669 514 799 576 Achilles,

138 603 273 651 Dardanio
288 603 393 650 Aeneae
406 615 461 649 sese
474 600 628 649 fortissimus
641 601 719 651 heros

72 696 121 742 170
141 692 275 740 addiderat
287 689 395 748 socium,
411 703 464 737 nen
477 689 600 738 inferiore
611 696 726 739 secutus.

141 781 186 830 sed
200 787 254 828 tum
267 779 333 827 forte
345 792 408 826 cava
421 778 483 825 dum
496 786 618 840 personat
631 792 748 840 aequora
760 779 864 837 coneha,

141 869 255 927 demens,
271 873 296 916 et
308 875 385 914 cantu
398 873 474 914 vocat
484 865 512 913 in
526 866 667 914 certamina
680 867 763 928 divos,

141 958 258 1006 aemulus
272 961 407 1017 exceptum
420 954 521 1013 Triton,
540 955 561 1002 si
575 955 679 1003 credere
693 955 835 1017 dignumst,

141 1047 208 1094 iuter
220 1060 284 1092 saxa
296 1044 378 1090 virum
391 1056 513 1105 spumosa
526 1042 677 1091 inmerserat
688 1044 769 1092 unda.

73 1139 122 1184 175
142 1148 204 1196 ergo
218 1147 307 1182 omnes
320 1147 415 1196 magno
430 1133 526 1181 circum
540 1131 652 1180 clamore
664 1130 820 1193 fremebant,

141 1221 280 1285 praecipue
293 1222 349 1284 pius
363 1223 475 1270 Aeneas.
502 1228 558 1269 tum
570 1221 639 1269 iussa
652 1218 778 1282 Sibyllae,

139 1310 208 1358 haud
222 1324 304 1368 mora,
320 1309 443 1358 festinant
454 1311 543 1358 flentes
558 1323 681 1371 aramque
694 1309 827 1371 sepulchri

142 1410 281 1460 congerere
295 1398 429 1445 arboribus
443 1399 568 1461 caeloque
582 1398 690 1446 educere
704 1403 812 1445 certent.

143 1486 194 1535 itur
205 1486 232 1534 iu
246 1487 380 1548 antiquam
393 1486 493 1545 silvam,
508 1486 611 1533 stabula
623 1485 677 1532 alta
690 1484 812 1545 ferarum,

75 1580 124 1624 180
144 1574 316 1638 procumbunt
329 1575 426 1637 piceae,
442 1582 518 1623 sonat
529 1575 581 1623 icta
594 1571 726 1621 securibus
738 1573 793 1622 ilex

142 1663 325 1725 fraxineaeque
339 1663 423 1712 trabes
437 1664 524 1712 cuneis
538 1671 563 1712 et
575 1662 653 1710 fissile
666 1661 746 1709 robur

143 1752 276 1811 scinditur,
292 1752 431 1800 advolvont
443 1751 554 1813 ingentis
567 1749 698 1798 montibus
712 1763 799 1798 ornos.

144 1854 191 1888 nec
204 1855 256 1888 non
269 1840 371 1889 Aeneas
385 1855 464 1902 opera
477 1840 544 1888 inter
556 1839 620 1887 talia
633 1839 731 1901 primus

144 1927 261 1976 hortatur
273 1929 357 1976 socios
370 1929 527 1992 pan'busque
541 1927 684 1989 accingitur
697 1927 784 1975 armis.

77 2021 124 2065 185
145 2023 222 2079 atque
236 2017 299 2065 haec
311 2017 367 2078 ipse
380 2031 427 2064 suo
441 2016 506 2064 tristi
521 2032 579 2064 cum
593 2016 670 2064 corde
682 2016 792 2076 volutat,

145 2105 298 2168 adspectans
309 2105 400 2154 silvam
412 2106 556 2154 inmensam
569 2103 870 2169 [etsicsortepreeatnr].

113 2198 116 2203 '
143 2193 173 2240 ‘si
186 2208 256 2241 nunc
269 2207 296 2241 se
309 2193 383 2241 nobis
396 2194 442 2242 ille
455 2209 547 2242 aureus
561 2193 651 2241 arbore
664 2206 751 2240 ramus

145 2282 265 2331 ostendat
277 2296 382 2330 nemore
394 2283 421 2330 in
435 2283 523 2330 tauto!
545 2282 650 2344 quando
663 2282 753 2329 omnia
764 2283 830 2330 vere‘

146 2369 195 2418 heu
208 2370 317 2417 nimium
330 2369 362 2418 de
375 2377 400 2419 te
412 2378 491 2428 vates,
507 2371 614 2428 Misene‚
630 2362 761 2418 locutast.'

77 2462 126 2506 190
145 2457 188 2504 vix
200 2472 232 2506 ea
244 2457 311 2507 fatus
324 2464 387 2517 erat,
403 2459 522 2520 geminae
536 2473 594 2507 cum
607 2458 672 2506 forte
685 2457 822 2507 columbae

145 2545 201 2607 ipsa
214 2547 260 2594 sub
274 2561 321 2594 ora
332 2547 379 2594 viri
393 2548 466 2595 caelo
479 2561 571 2595 venere
583 2548 699 2595 volantes

137 2639 165 2682 et
178 2634 255 2686 viridi
264 2635 357 2687 sedere
371 2637 440 2687 solo.
467 2643 525 2686 tum
536 2635 760 2684 mammusberos
