1808 2956
305 325 331 364 Ρ.
349 324 471 364 VERGlLl
490 323 621 364 Mnnorus

171 497 199 529 ι).
221 479 272 541 Qui
285 481 371 542 legitis
384 481 461 533 flores
473 488 498 529 et
510 481 581 533 humi
595 482 728 530 nascentia
741 482 822 543 fraga,

136 569 253 631 frigidus,
269 584 284 617 ο
292 570 374 632 pueri,
388 569 469 631 fugite
481 569 550 628 hinc,
566 570 629 617 latet
636 571 763 632 anguisin
772 571 861 619 herba.

136 674 164 705 n.
186 658 296 717 Parcite,
318 673 392 718 ovea,
414 659 523 706 nimium
540 659 695 721 procedere:
721 674 775 706 non
798 659 864 708 bene

437 748 509 810 ripae

85 838 116 882 95
137 835 259 895 creditur3
274 836 328 898 ipse
342 836 407 885 aries
421 837 498 885 ctiam
511 851 581 884 nunc
593 837 689 884 vellera
701 836 789 884 siccat.

172 940 199 972 u.
221 925 317 987 Tityre,
333 926 461 988 pascentis
474 941 490 973 a
502 926 606 974 flumine
620 925 687 973 reice
700 926 826 988 capellas:

137 1013 192 1075 ipse
205 1012 248 1059 ubi
262 1020 363 1075 ternpus
377 1014 425 1061 erit
438 1015 521 1061 omnis
535 1016 562 1062 in
575 1013 646 1062 fonte
659 1014 759 1061 lavabo.

138 1116 166 1148 ru.
189 1099 281 1161 Cogite
294 1102 357 1160 ovis,
372 1103 460 1164 pueri:
481 1103 502 1150 si
516 1103 557 1150 lac
570 1103 729 1165 praeceperit
741 1110 834 1163 aestus,
853 1082 855 1086 Ι

137 1196 166 1236 ut
178 1204 268 1252 nuper,
284 1190 380 1237 frustra
392 1190 564 1252 pressabimus
577 1191 657 1239 ubera
670 1191 772 1253 palmis.

70 1283 118 1325 100
138 1294 165 1325 n.
187 1277 243 1326 Heu
263 1279 328 1337 heu,
351 1295 429 1341 quam
446 1279 536 1341 pingui
550 1295 636 1328 macer
650 1287 688 1328 est
700 1280 763 1327 mihi
777 1287 865 1329 taurus

437 1369 465 1416 in
478 1370 551 1417 ervo!

136 1456 205 1504 idern
219 1472 292 1504 amor
304 1458 411 1505 exitium
424 1459 509 1520 pecori
523 1458 676 1521 pecorisque
688 1459 821 1519 magistro.

138 1561 166 1592 n.
189 1546 234 1594 His
261 1554 329 1594 certe
353 1563 438 1610 neque
463 1562 535 1594 amor
553 1554 676 1606 causast3
703 1547 746 1593 vix
765 1547 865 1594 ossibus

438 1637 552 1683 haerent.

137 1725 224 1771 nescio
238 1726 295 1787 quis
309 1733 410 1773 teneros
425 1726 514 1773 oculus
528 1725 590 1772 mihi
604 1724 714 1772 fascinat
727 1739 817 1785 agnos.
875 1789 877 1792 Α

173 1829 199 1859 n.
221 1814 285 1872 Dic,
308 1815 401 1876 quibus
423 1815 449 1860 in
469 1814 541 1861 terris
562 1812 599 1874 (et
616 1813 664 1859 eris
679 1813 741 1859 mihi
755 1827 865 1872 magnus

437 1901 546 1963 Apollo)

70 1993 117 2036 105
138 1990 183 2035 tris
196 1997 283 2051 pateat
296 1990 360 2037 caeli
374 1990 485 2051 spatium
499 2004 551 2035 non
565 1990 675 2050 amplius
688 1990 772 2035 ulnas.

139 2093 166 2123 n.
188 2077 246 2134 Dic,
263 2077 356 2138 quibus
369 2077 396 2123 in
411 2078 483 2123 torris
497 2077 612 2138 inscripti
626 2077 733 2122 nomina
746 2091 835 2136 regunt

138 2172 277 2212 nascantur
289 2165 373 2222 flores,
389 2171 414 2212 et
426 2164 547 2226 Phyllida
560 2165 630 2212 solus
643 2163 746 2210 habeto.

173 2269 197 2299 r.
218 2252 276 2300 Non
285 2253 474 2300 nostrumintcr
486 2268 530 2300 vos
543 2259 626 2300 tantas
639 2266 784 2314 conponere
795 2254 861 2302 lites.

139 2348 164 2389 et
176 2342 256 2389 vitula
269 2349 296 2389 tu
310 2342 404 2403 dignus
418 2349 442 2390 et
455 2342 505 2389 hio.
534 2349 558 2389 et
571 2341 687 2403 quisquis
701 2356 800 2389 amores

73 2435 118 2477 110
139 2438 183 2478 aut
196 2437 293 2478 mctuct
305 2431 388 2479 dulcis
402 2439 446 2478 aut
459 2431 604 2494 experietur
617 2444 727 2478 amaros.

140 2518 250 2568 claudite
262 2520 314 2568 iam
327 2521 403 2579 rivos,
419 2521 506 2583 puori:
527 2527 567 2567 sat
579 2527 653 2583 prata
665 2520 792 2568 biberunt.
