<?xml version="1.0" encoding="UTF-8"?>
<!DOCTYPE html PUBLIC "-//W3C//DTD XHTML 1.0 Transitional//EN"
    "http://www.w3.org/TR/xhtml1/DTD/xhtml1-transitional.dtd">
<html xmlns="http://www.w3.org/1999/xhtml" xml:lang="en" lang="en">
 <head>
  <title>
</title>
<meta http-equiv="Content-Type" content="text/html;charset=utf-8" />
  <meta name='ocr-system' content='tesseract 3.04.00' />
  <meta name='ocr-capabilities' content='ocr_page ocr_carea ocr_par ocr_line ocrx_word'/>
</head>
<body>
  <div class='ocr_page' id='page_1' title='image "./pvergiliusmaro00virggoog/pvergiliusmaro00virggoog_0100.png"; bbox 0 0 1808 2956; ppageno 0'>
   <div class='ocr_carea' id='block_1_1' title="bbox 258 159 588 202">
    <p class='ocr_par' dir='ltr' id='par_1_1' title="bbox 258 159 588 202">
     <span class='ocr_line' id='line_1_1' title="bbox 258 159 588 202; baseline -0.003 -2"><span class='ocrx_word' id='word_1_1' title='bbox 258 159 427 202; x_wconf 77' lang='lat' dir='ltr'><strong>Gnonolcou</strong></span> <span class='ocrx_word' id='word_1_2' title='bbox 445 161 531 201; x_wconf 72' lang='lat' dir='ltr'><strong>bruun</strong></span> <span class='ocrx_word' id='word_1_3' title='bbox 546 162 588 202; x_wconf 86' lang='grc' dir='ltr'><strong>ΙΙΙ.</strong></span> 
     </span>
    </p>
   </div>
   <div class='ocr_carea' id='block_1_2' title="bbox 48 317 823 912">
    <p class='ocr_par' dir='ltr' id='par_1_2' title="bbox 48 317 823 912">
     <span class='ocr_line' id='line_1_2' title="bbox 91 317 724 381; baseline -0.005 -14"><span class='ocrx_word' id='word_1_4' title='bbox 91 319 143 367; x_wconf 87' lang='lat' dir='ltr'><strong>beu</strong></span> <span class='ocrx_word' id='word_1_5' title='bbox 155 319 227 367; x_wconf 86' lang='lat' dir='ltr'><strong>male</strong></span> <span class='ocrx_word' id='word_1_6' title='bbox 241 324 296 366; x_wconf 85' lang='lat' dir='ltr'><strong>tum</strong></span> <span class='ocrx_word' id='word_1_7' title='bbox 308 317 406 381; x_wconf 80' lang='lat' dir='ltr'>Libyae</span> <span class='ocrx_word' id='word_1_8' title='bbox 419 318 481 366; x_wconf 88' lang='lat' dir='ltr'><strong>solis</strong></span> <span class='ocrx_word' id='word_1_9' title='bbox 495 327 594 366; x_wconf 81' lang='lat' dir='ltr'><strong>erratur</strong></span> <span class='ocrx_word' id='word_1_10' title='bbox 607 319 633 365; x_wconf 94' lang='lat' dir='ltr'><strong>in</strong></span> <span class='ocrx_word' id='word_1_11' title='bbox 647 319 724 379; x_wconf 78' lang='lat' dir='ltr'><strong>agris.</strong></span> 
     </span>
     <span class='ocr_line' id='line_1_3' title="bbox 48 407 786 469; baseline -0.003 -14"><span class='ocrx_word' id='word_1_12' title='bbox 48 414 72 456; x_wconf 77' lang='lat' dir='ltr'><strong>to</strong></span> <span class='ocrx_word' id='word_1_13' title='bbox 92 422 181 456; x_wconf 91' lang='lat' dir='ltr'><strong>nonne</strong></span> <span class='ocrx_word' id='word_1_14' title='bbox 194 407 266 455; x_wconf 88' lang='lat' dir='ltr'><strong>vides</strong></span> <span class='ocrx_word' id='word_1_15' title='bbox 279 415 307 455; x_wconf 90' lang='lat' dir='ltr'><strong>nt</strong></span> <span class='ocrx_word' id='word_1_16' title='bbox 320 414 374 455; x_wconf 84' lang='lat' dir='ltr'><strong>tota</strong></span> <span class='ocrx_word' id='word_1_17' title='bbox 386 414 483 456; x_wconf 88' lang='lat' dir='ltr'><strong>tremor</strong></span> <span class='ocrx_word' id='word_1_18' title='bbox 495 414 648 469; x_wconf 80' lang='lat' dir='ltr'><strong>pertemptet</strong></span> <span class='ocrx_word' id='word_1_19' title='bbox 661 422 786 469; x_wconf 89' lang='lat' dir='ltr'><strong>equorum</strong></span> 
     </span>
     <span class='ocr_line' id='line_1_4' title="bbox 91 496 736 560; baseline -0.003 -15"><span class='ocrx_word' id='word_1_20' title='bbox 91 511 213 560; x_wconf 80' lang='lat' dir='ltr'><strong>corpora,</strong></span> <span class='ocrx_word' id='word_1_21' title='bbox 229 496 250 542; x_wconf 89' lang='lat' dir='ltr'><strong>si</strong></span> <span class='ocrx_word' id='word_1_22' title='bbox 264 503 364 543; x_wconf 84' lang='lat' dir='ltr'><strong>tuntum</strong></span> <span class='ocrx_word' id='word_1_23' title='bbox 376 501 451 542; x_wconf 88' lang='lat' dir='ltr'><strong>notas</strong></span> <span class='ocrx_word' id='word_1_24' title='bbox 465 496 530 542; x_wconf 88' lang='lat' dir='ltr'><strong>odor</strong></span> <span class='ocrx_word' id='word_1_25' title='bbox 543 496 630 543; x_wconf 89' lang='lat' dir='ltr'><strong>attulit</strong></span> <span class='ocrx_word' id='word_1_26' title='bbox 643 497 736 544; x_wconf 78' lang='lat' dir='ltr'><strong>auras?</strong></span> 
     </span>
     <span class='ocr_line' id='line_1_5' title="bbox 92 583 821 648; baseline 0.001 -14"><span class='ocrx_word' id='word_1_27' title='bbox 92 601 123 634; x_wconf 87' lang='lat' dir='ltr'><strong>ae</strong></span> <span class='ocrx_word' id='word_1_28' title='bbox 130 600 216 648; x_wconf 88' lang='lat' dir='ltr'><strong>neque</strong></span> <span class='ocrx_word' id='word_1_29' title='bbox 226 599 270 633; x_wconf 90' lang='lat' dir='ltr'><strong>eos</strong></span> <span class='ocrx_word' id='word_1_30' title='bbox 282 585 335 632; x_wconf 84' lang='lat' dir='ltr'><strong>iam</strong></span> <span class='ocrx_word' id='word_1_31' title='bbox 346 583 419 631; x_wconf 82' lang='lat' dir='ltr'><strong>irena</strong></span> <span class='ocrx_word' id='word_1_32' title='bbox 429 584 510 631; x_wconf 82' lang='lat' dir='ltr'><strong>virum</strong></span> <span class='ocrx_word' id='word_1_33' title='bbox 524 599 606 646; x_wconf 88' lang='lat' dir='ltr'><strong>neque</strong></span> <span class='ocrx_word' id='word_1_34' title='bbox 619 585 724 633; x_wconf 85' lang='lat' dir='ltr'><strong>verbera</strong></span> <span class='ocrx_word' id='word_1_35' title='bbox 736 600 821 635; x_wconf 84' lang='lat' dir='ltr'><strong>saera.</strong></span> 
     </span>
     <span class='ocr_line' id='line_1_6' title="bbox 90 673 823 736; baseline -0.003 -15"><span class='ocrx_word' id='word_1_36' title='bbox 90 689 145 721; x_wconf 88' lang='lat' dir='ltr'><strong>non</strong></span> <span class='ocrx_word' id='word_1_37' title='bbox 165 673 268 736; x_wconf 85' lang='lat' dir='ltr'><strong>scopuli</strong></span> <span class='ocrx_word' id='word_1_38' title='bbox 287 687 415 735; x_wconf 82' lang='lat' dir='ltr'><strong>rupesque</strong></span> <span class='ocrx_word' id='word_1_39' title='bbox 435 687 511 721; x_wconf 77' lang='lat' dir='ltr'><strong>ennae</strong></span> <span class='ocrx_word' id='word_1_40' title='bbox 531 680 607 734; x_wconf 84' lang='lat' dir='ltr'><strong>atque</strong></span> <span class='ocrx_word' id='word_1_41' title='bbox 627 673 727 721; x_wconf 86' lang='lat' dir='ltr'><strong>obieeta</strong></span> <span class='ocrx_word' id='word_1_42' title='bbox 745 682 823 720; x_wconf 86' lang='lat' dir='ltr'><strong>remr-</strong></span> 
     </span>
     <span class='ocr_line' id='line_1_7' title="bbox 397 761 460 809; baseline -0.032 0"><span class='ocrx_word' id='word_1_43' title='bbox 397 761 460 809; x_wconf 88' lang='lat' dir='ltr'><strong>dant</strong></span> 
     </span>
     <span class='ocr_line' id='line_1_8' title="bbox 92 850 721 912; baseline -0.005 -13"><span class='ocrx_word' id='word_1_44' title='bbox 92 852 209 910; x_wconf 84' lang='lat' dir='ltr'><strong>flumina,</strong></span> <span class='ocrx_word' id='word_1_45' title='bbox 224 858 357 912; x_wconf 84' lang='lat' dir='ltr'><strong>correptos</strong></span> <span class='ocrx_word' id='word_1_46' title='bbox 370 850 441 898; x_wconf 87' lang='lat' dir='ltr'><strong>unda</strong></span> <span class='ocrx_word' id='word_1_47' title='bbox 453 851 600 911; x_wconf 80' lang='lat' dir='ltr'><strong>torquentia</strong></span> <span class='ocrx_word' id='word_1_48' title='bbox 613 858 721 897; x_wconf 85' lang='lat' dir='ltr'><strong>montes.</strong></span> 
     </span>
    </p>
   </div>
   <div class='ocr_carea' id='block_1_3' title="bbox 48 937 773 1092">
    <p class='ocr_par' dir='ltr' id='par_1_3' title="bbox 48 937 773 1092">
     <span class='ocr_line' id='line_1_9' title="bbox 48 937 708 1003; baseline -0.002 -17"><span class='ocrx_word' id='word_1_49' title='bbox 48 945 74 987; x_wconf 86' lang='lat'><strong>55</strong></span> <span class='ocrx_word' id='word_1_50' title='bbox 93 941 149 1003; x_wconf 90' lang='lat' dir='ltr'><strong>ipse</strong></span> <span class='ocrx_word' id='word_1_51' title='bbox 161 940 214 987; x_wconf 90' lang='lat' dir='ltr'><strong>ruit</strong></span> <span class='ocrx_word' id='word_1_52' title='bbox 228 940 368 1000; x_wconf 77' lang='lat' dir='ltr'><strong>dentesque</strong></span> <span class='ocrx_word' id='word_1_53' title='bbox 381 937 526 987; x_wconf 83' lang='lat' dir='ltr'><strong>Sabellicus</strong></span> <span class='ocrx_word' id='word_1_54' title='bbox 540 939 643 986; x_wconf 83' lang='lat' dir='ltr'><strong>exacuit</strong></span> <span class='ocrx_word' id='word_1_55' title='bbox 656 954 708 996; x_wconf 77' lang='lat' dir='ltr'><strong>sus,</strong></span> 
     </span>
     <span class='ocr_line' id='line_1_10' title="bbox 93 1026 773 1092; baseline -0.001 -15"><span class='ocrx_word' id='word_1_56' title='bbox 93 1036 119 1077; x_wconf 89' lang='lat' dir='ltr'><strong>et</strong></span> <span class='ocrx_word' id='word_1_57' title='bbox 130 1028 197 1092; x_wconf 87' lang='lat' dir='ltr'><strong>pede</strong></span> <span class='ocrx_word' id='word_1_58' title='bbox 210 1026 355 1090; x_wconf 83' lang='lat' dir='ltr'><strong>prosubigit</strong></span> <span class='ocrx_word' id='word_1_59' title='bbox 368 1034 470 1085; x_wconf 87' lang='lat' dir='ltr'><strong>terram,</strong></span> <span class='ocrx_word' id='word_1_60' title='bbox 486 1027 560 1075; x_wconf 86' lang='lat' dir='ltr'><strong>fricat</strong></span> <span class='ocrx_word' id='word_1_61' title='bbox 575 1027 666 1075; x_wconf 84' lang='lat' dir='ltr'><strong>arbore</strong></span> <span class='ocrx_word' id='word_1_62' title='bbox 679 1035 773 1076; x_wconf 84' lang='lat' dir='ltr'><strong>costus.</strong></span> 
     </span>
    </p>
   </div>
   <div class='ocr_carea' id='block_1_4' title="bbox 48 1115 824 2682">
    <p class='ocr_par' dir='ltr' id='par_1_4' title="bbox 48 1115 824 2682">
     <span class='ocr_line' id='line_1_11' title="bbox 94 1115 803 1179; baseline -0.006 -14"><span class='ocrx_word' id='word_1_63' title='bbox 94 1126 172 1179; x_wconf 87' lang='lat' dir='ltr'><strong>utque</strong></span> <span class='ocrx_word' id='word_1_64' title='bbox 185 1116 247 1163; x_wconf 90' lang='lat' dir='ltr'><strong>hine</strong></span> <span class='ocrx_word' id='word_1_65' title='bbox 261 1122 337 1178; x_wconf 88' lang='lat' dir='ltr'><strong>atque</strong></span> <span class='ocrx_word' id='word_1_66' title='bbox 350 1115 423 1165; x_wconf 91' lang='lat' dir='ltr'><strong>illiue</strong></span> <span class='ocrx_word' id='word_1_67' title='bbox 436 1131 538 1163; x_wconf 93' lang='lat' dir='ltr'><strong>umeros</strong></span> <span class='ocrx_word' id='word_1_68' title='bbox 552 1117 583 1163; x_wconf 85' lang='lat' dir='ltr'><strong>ad</strong></span> <span class='ocrx_word' id='word_1_69' title='bbox 597 1117 704 1163; x_wconf 84' lang='lat' dir='ltr'><strong>volnera</strong></span> <span class='ocrx_word' id='word_1_70' title='bbox 720 1115 803 1161; x_wconf 86' lang='lat' dir='ltr'><strong>durat.</strong></span> 
     </span>
     <span class='ocr_line' id='line_1_12' title="bbox 94 1204 822 1268; baseline -0.004 -16"><span class='ocrx_word' id='word_1_71' title='bbox 94 1206 156 1268; x_wconf 93' lang='lat' dir='ltr'><strong>qnid</strong></span> <span class='ocrx_word' id='word_1_72' title='bbox 170 1204 279 1262; x_wconf 85' lang='lat' dir='ltr'><strong>iuvenis,</strong></span> <span class='ocrx_word' id='word_1_73' title='bbox 295 1219 418 1265; x_wconf 84' lang='lat' dir='ltr'><strong>magnum</strong></span> <span class='ocrx_word' id='word_1_74' title='bbox 432 1205 473 1252; x_wconf 92' lang='lat' dir='ltr'><strong>eui</strong></span> <span class='ocrx_word' id='word_1_75' title='bbox 486 1212 570 1252; x_wconf 79' lang='lat' dir='ltr'><strong>versat</strong></span> <span class='ocrx_word' id='word_1_76' title='bbox 583 1205 608 1250; x_wconf 91' lang='lat' dir='ltr'><strong>iu</strong></span> <span class='ocrx_word' id='word_1_77' title='bbox 623 1204 723 1251; x_wconf 84' lang='lat' dir='ltr'><strong>ossibus</strong></span> <span class='ocrx_word' id='word_1_78' title='bbox 737 1205 822 1264; x_wconf 80' lang='lat' dir='ltr'><strong>iguem</strong></span> 
     </span>
     <span class='ocr_line' id='line_1_13' title="bbox 95 1292 776 1356; baseline -0.006 -14"><span class='ocrx_word' id='word_1_79' title='bbox 95 1296 174 1342; x_wconf 89' lang='lat' dir='ltr'><strong>durus</strong></span> <span class='ocrx_word' id='word_1_80' title='bbox 189 1292 280 1341; x_wconf 85' lang='lat' dir='ltr'><strong>amor?</strong></span> <span class='ocrx_word' id='word_1_81' title='bbox 305 1307 397 1355; x_wconf 87' lang='lat' dir='ltr'><strong>nempe</strong></span> <span class='ocrx_word' id='word_1_82' title='bbox 410 1293 525 1356; x_wconf 87' lang='lat' dir='ltr'><strong>abruptis</strong></span> <span class='ocrx_word' id='word_1_83' title='bbox 538 1293 641 1340; x_wconf 83' lang='lat' dir='ltr'><strong>turbata</strong></span> <span class='ocrx_word' id='word_1_84' title='bbox 656 1292 776 1354; x_wconf 82' lang='lat' dir='ltr'><strong>proeellis</strong></span> 
     </span>
     <span class='ocr_line' id='line_1_14' title="bbox 48 1381 823 1444; baseline -0.001 -18"><span class='ocrx_word' id='word_1_85' title='bbox 48 1385 79 1427; x_wconf 68' lang='lat' dir='ltr'><strong>ren</strong></span> <span class='ocrx_word' id='word_1_86' title='bbox 93 1391 168 1431; x_wconf 91' lang='lat' dir='ltr'><strong>noete</strong></span> <span class='ocrx_word' id='word_1_87' title='bbox 182 1389 255 1429; x_wconf 82' lang='lat' dir='ltr'><strong>uetat</strong></span> <span class='ocrx_word' id='word_1_88' title='bbox 268 1396 346 1429; x_wconf 89' lang='lat' dir='ltr'><strong>eaeea</strong></span> <span class='ocrx_word' id='word_1_89' title='bbox 358 1396 429 1430; x_wconf 87' lang='lat' dir='ltr'><strong>serus</strong></span> <span class='ocrx_word' id='word_1_90' title='bbox 447 1382 528 1440; x_wconf 80' lang='lat' dir='ltr'><strong>freta3</strong></span> <span class='ocrx_word' id='word_1_91' title='bbox 550 1397 625 1443; x_wconf 91' lang='lat' dir='ltr'><strong>quem</strong></span> <span class='ocrx_word' id='word_1_92' title='bbox 643 1396 719 1444; x_wconf 91' lang='lat' dir='ltr'><strong>super</strong></span> <span class='ocrx_word' id='word_1_93' title='bbox 733 1381 823 1439; x_wconf 70' lang='lat' dir='ltr'><strong>irruens</strong></span> 
     </span>
     <span class='ocr_line' id='line_1_15' title="bbox 95 1471 745 1533; baseline -0.003 -15"><span class='ocrx_word' id='word_1_94' title='bbox 95 1480 170 1533; x_wconf 87' lang='lat' dir='ltr'><strong>porta</strong></span> <span class='ocrx_word' id='word_1_95' title='bbox 183 1478 257 1518; x_wconf 90' lang='lat' dir='ltr'><strong>tonat</strong></span> <span class='ocrx_word' id='word_1_96' title='bbox 270 1471 335 1518; x_wconf 88' lang='lat' dir='ltr'><strong>eueli</strong></span> <span class='ocrx_word' id='word_1_97' title='bbox 348 1478 374 1518; x_wconf 89' lang='lat' dir='ltr'><strong>et</strong></span> <span class='ocrx_word' id='word_1_98' title='bbox 386 1471 499 1533; x_wconf 90' lang='lat' dir='ltr'><strong>seopulis</strong></span> <span class='ocrx_word' id='word_1_99' title='bbox 512 1471 590 1517; x_wconf 88' lang='lat' dir='ltr'><strong>inlisa</strong></span> <span class='ocrx_word' id='word_1_100' title='bbox 603 1471 745 1517; x_wconf 80' lang='lat' dir='ltr'><strong>reclamant</strong></span> 
     </span>
     <span class='ocr_line' id='line_1_16' title="bbox 96 1559 765 1622; baseline -0.006 -14"><span class='ocrx_word' id='word_1_101' title='bbox 96 1574 218 1622; x_wconf 80' lang='lat' dir='ltr'><strong>aequora,</strong></span> <span class='ocrx_word' id='word_1_102' title='bbox 235 1573 282 1606; x_wconf 88' lang='lat' dir='ltr'><strong>nee</strong></span> <span class='ocrx_word' id='word_1_103' title='bbox 295 1559 379 1607; x_wconf 91' lang='lat' dir='ltr'><strong>miseri</strong></span> <span class='ocrx_word' id='word_1_104' title='bbox 393 1567 502 1621; x_wconf 86' lang='lat' dir='ltr'><strong>possunt</strong></span> <span class='ocrx_word' id='word_1_105' title='bbox 515 1574 634 1607; x_wconf 87' lang='lat' dir='ltr'><strong>revocare</strong></span> <span class='ocrx_word' id='word_1_106' title='bbox 648 1567 765 1621; x_wconf 82' lang='lat' dir='ltr'><strong>parentes</strong></span> 
     </span>
     <span class='ocr_line' id='line_1_17' title="bbox 95 1647 679 1709; baseline -0.002 -14"><span class='ocrx_word' id='word_1_107' title='bbox 95 1664 143 1697; x_wconf 89' lang='lat' dir='ltr'><strong>nee</strong></span> <span class='ocrx_word' id='word_1_108' title='bbox 155 1648 281 1696; x_wconf 86' lang='lat' dir='ltr'><strong>moritura</strong></span> <span class='ocrx_word' id='word_1_109' title='bbox 293 1662 369 1709; x_wconf 83' lang='lat' dir='ltr'><strong>super</strong></span> <span class='ocrx_word' id='word_1_110' title='bbox 382 1649 479 1696; x_wconf 81' lang='lat' dir='ltr'><strong>erudeli</strong></span> <span class='ocrx_word' id='word_1_111' title='bbox 494 1647 582 1695; x_wconf 89' lang='lat' dir='ltr'><strong>funere</strong></span> <span class='ocrx_word' id='word_1_112' title='bbox 598 1648 679 1708; x_wconf 81' lang='lat' dir='ltr'><strong>virgo.</strong></span> 
     </span>
     <span class='ocr_line' id='line_1_18' title="bbox 97 1735 805 1800; baseline -0.006 -16"><span class='ocrx_word' id='word_1_113' title='bbox 97 1738 158 1800; x_wconf 91' lang='lat' dir='ltr'><strong>qnid</strong></span> <span class='ocrx_word' id='word_1_114' title='bbox 172 1738 259 1799; x_wconf 77' lang='lat' dir='ltr'><strong>lynces</strong></span> <span class='ocrx_word' id='word_1_115' title='bbox 272 1735 369 1783; x_wconf 80' lang='lat' dir='ltr'><strong>Bacchi</strong></span> <span class='ocrx_word' id='word_1_116' title='bbox 383 1736 468 1783; x_wconf 89' lang='lat' dir='ltr'><strong>variae</strong></span> <span class='ocrx_word' id='word_1_117' title='bbox 482 1743 506 1783; x_wconf 91' lang='lat' dir='ltr'><strong>et</strong></span> <span class='ocrx_word' id='word_1_118' title='bbox 519 1751 599 1797; x_wconf 81' lang='lat' dir='ltr'><strong>genus</strong></span> <span class='ocrx_word' id='word_1_119' title='bbox 614 1750 672 1783; x_wconf 82' lang='lat' dir='ltr'><strong>aere</strong></span> <span class='ocrx_word' id='word_1_120' title='bbox 685 1735 805 1796; x_wconf 90' lang='lat' dir='ltr'><strong>luporum</strong></span> 
     </span>
     <span class='ocr_line' id='line_1_19' title="bbox 48 1823 824 1887; baseline 0.003 -19"><span class='ocrx_word' id='word_1_121' title='bbox 48 1826 79 1870; x_wconf 70' lang='lat' dir='ltr'><strong>tet</strong></span> <span class='ocrx_word' id='word_1_122' title='bbox 97 1833 173 1887; x_wconf 86' lang='lat' dir='ltr'><strong>atque</strong></span> <span class='ocrx_word' id='word_1_123' title='bbox 197 1824 308 1871; x_wconf 80' lang='lat' dir='ltr'><strong>eanum?</strong></span> <span class='ocrx_word' id='word_1_124' title='bbox 346 1825 407 1886; x_wconf 86' lang='lat' dir='ltr'><strong>quid</strong></span> <span class='ocrx_word' id='word_1_125' title='bbox 429 1840 495 1886; x_wconf 83' lang='lat' dir='ltr'><strong>quae</strong></span> <span class='ocrx_word' id='word_1_126' title='bbox 514 1824 623 1872; x_wconf 89' lang='lat' dir='ltr'><strong>inbelles</strong></span> <span class='ocrx_word' id='word_1_127' title='bbox 643 1825 705 1871; x_wconf 79' lang='lat' dir='ltr'><strong>tlant</strong></span> <span class='ocrx_word' id='word_1_128' title='bbox 726 1823 824 1885; x_wconf 87' lang='lat' dir='ltr'><strong>proelia</strong></span> 
     </span>
     <span class='ocr_line' id='line_1_20' title="bbox 398 1913 483 1960; baseline -0.012 0"><span class='ocrx_word' id='word_1_129' title='bbox 398 1913 483 1960; x_wconf 82' lang='lat' dir='ltr'><strong>cervi?</strong></span> 
     </span>
     <span class='ocr_line' id='line_1_21' title="bbox 96 2001 776 2063; baseline -0.003 -14"><span class='ocrx_word' id='word_1_130' title='bbox 96 2002 196 2050; x_wconf 86' lang='lat' dir='ltr'><strong>scilieet</strong></span> <span class='ocrx_word' id='word_1_131' title='bbox 209 2008 268 2048; x_wconf 87' lang='lat' dir='ltr'><strong>ante</strong></span> <span class='ocrx_word' id='word_1_132' title='bbox 282 2001 365 2048; x_wconf 89' lang='lat' dir='ltr'><strong>omnis</strong></span> <span class='ocrx_word' id='word_1_133' title='bbox 379 2001 450 2048; x_wconf 86' lang='lat' dir='ltr'><strong>furor</strong></span> <span class='ocrx_word' id='word_1_134' title='bbox 462 2009 500 2049; x_wconf 88' lang='lat' dir='ltr'><strong>est</strong></span> <span class='ocrx_word' id='word_1_135' title='bbox 513 2002 622 2062; x_wconf 75' lang='lat' dir='ltr'><strong>insignis</strong></span> <span class='ocrx_word' id='word_1_136' title='bbox 636 2016 776 2063; x_wconf 79' lang='lat' dir='ltr'><strong>equurum3</strong></span> 
     </span>
     <span class='ocr_line' id='line_1_22' title="bbox 96 2088 799 2152; baseline -0.004 -14"><span class='ocrx_word' id='word_1_137' title='bbox 96 2098 121 2138; x_wconf 88' lang='lat' dir='ltr'><strong>et</strong></span> <span class='ocrx_word' id='word_1_138' title='bbox 133 2097 246 2139; x_wconf 88' lang='lat' dir='ltr'><strong>mentem</strong></span> <span class='ocrx_word' id='word_1_139' title='bbox 259 2089 346 2137; x_wconf 85' lang='lat' dir='ltr'><strong>Venus</strong></span> <span class='ocrx_word' id='word_1_140' title='bbox 359 2090 417 2152; x_wconf 86' lang='lat' dir='ltr'><strong>ipsa</strong></span> <span class='ocrx_word' id='word_1_141' title='bbox 430 2090 501 2139; x_wconf 86' lang='lat' dir='ltr'><strong>dedit</strong></span> <span class='ocrx_word' id='word_1_142' title='bbox 514 2105 566 2152; x_wconf 90' lang='lat' dir='ltr'><strong>quo</strong></span> <span class='ocrx_word' id='word_1_143' title='bbox 580 2098 694 2152; x_wconf 90' lang='lat' dir='ltr'><strong>tempore</strong></span> <span class='ocrx_word' id='word_1_144' title='bbox 708 2088 799 2137; x_wconf 85' lang='lat' dir='ltr'><strong>Glauci</strong></span> 
     </span>
     <span class='ocr_line' id='line_1_23' title="bbox 97 2178 798 2241; baseline -0.003 -15"><span class='ocrx_word' id='word_1_145' title='bbox 97 2179 237 2226; x_wconf 77' lang='lat' dir='ltr'><strong>Potniades</strong></span> <span class='ocrx_word' id='word_1_146' title='bbox 251 2178 326 2225; x_wconf 87' lang='lat' dir='ltr'><strong>mulis</strong></span> <span class='ocrx_word' id='word_1_147' title='bbox 340 2179 455 2227; x_wconf 88' lang='lat' dir='ltr'><strong>membra</strong></span> <span class='ocrx_word' id='word_1_148' title='bbox 468 2179 633 2241; x_wconf 83' lang='lat' dir='ltr'><strong>absumpsere</strong></span> <span class='ocrx_word' id='word_1_149' title='bbox 647 2179 798 2240; x_wconf 82' lang='lat' dir='ltr'><strong>quadrigae.</strong></span> 
     </span>
     <span class='ocr_line' id='line_1_24' title="bbox 96 2265 824 2328; baseline -0.001 -14"><span class='ocrx_word' id='word_1_150' title='bbox 96 2268 155 2317; x_wconf 84' lang='lat' dir='ltr'><strong>illas</strong></span> <span class='ocrx_word' id='word_1_151' title='bbox 170 2267 241 2315; x_wconf 88' lang='lat' dir='ltr'><strong>dueit</strong></span> <span class='ocrx_word' id='word_1_152' title='bbox 254 2281 326 2314; x_wconf 84' lang='lat' dir='ltr'><strong>amor</strong></span> <span class='ocrx_word' id='word_1_153' title='bbox 338 2274 409 2314; x_wconf 81' lang='lat' dir='ltr'><strong>trans</strong></span> <span class='ocrx_word' id='word_1_154' title='bbox 423 2265 541 2328; x_wconf 77' lang='lat' dir='ltr'><strong>Gargara</strong></span> <span class='ocrx_word' id='word_1_155' title='bbox 554 2275 675 2328; x_wconf 90' lang='lat' dir='ltr'><strong>transque</strong></span> <span class='ocrx_word' id='word_1_156' title='bbox 689 2275 824 2314; x_wconf 76' lang='lat' dir='ltr'><strong>sonantem</strong></span> 
     </span>
     <span class='ocr_line' id='line_1_25' title="bbox 48 2355 791 2418; baseline -0.004 -15"><span class='ocrx_word' id='word_1_157' title='bbox 48 2359 76 2403; x_wconf 78' lang='lat' dir='ltr'><strong>to</strong></span> <span class='ocrx_word' id='word_1_158' title='bbox 96 2355 254 2414; x_wconf 81' lang='lat' dir='ltr'><strong>Aseanitrm3</strong></span> <span class='ocrx_word' id='word_1_159' title='bbox 275 2362 398 2418; x_wconf 86' lang='lat' dir='ltr'><strong>superant</strong></span> <span class='ocrx_word' id='word_1_160' title='bbox 409 2364 510 2403; x_wconf 89' lang='lat' dir='ltr'><strong>montes</strong></span> <span class='ocrx_word' id='word_1_161' title='bbox 524 2364 548 2404; x_wconf 89' lang='lat' dir='ltr'><strong>et</strong></span> <span class='ocrx_word' id='word_1_162' title='bbox 561 2356 667 2404; x_wconf 85' lang='lat' dir='ltr'><strong>flumina</strong></span> <span class='ocrx_word' id='word_1_163' title='bbox 679 2362 791 2402; x_wconf 85' lang='lat' dir='ltr'><strong>tranant.</strong></span> 
     </span>
     <span class='ocr_line' id='line_1_26' title="bbox 96 2443 788 2505; baseline -0.004 -13"><span class='ocrx_word' id='word_1_164' title='bbox 96 2445 272 2505; x_wconf 84' lang='lat' dir='ltr'><strong>continuoque</strong></span> <span class='ocrx_word' id='word_1_165' title='bbox 286 2444 365 2491; x_wconf 83' lang='lat' dir='ltr'><strong>aridis</strong></span> <span class='ocrx_word' id='word_1_166' title='bbox 378 2443 422 2491; x_wconf 92' lang='lat' dir='ltr'><strong>ubi</strong></span> <span class='ocrx_word' id='word_1_167' title='bbox 436 2444 539 2492; x_wconf 84' lang='lat' dir='ltr'><strong>subdita</strong></span> <span class='ocrx_word' id='word_1_168' title='bbox 551 2444 655 2491; x_wconf 83' lang='lat' dir='ltr'><strong>flamma</strong></span> <span class='ocrx_word' id='word_1_169' title='bbox 667 2443 788 2491; x_wconf 87' lang='lat' dir='ltr'><strong>medullis</strong></span> 
     </span>
     <span class='ocr_line' id='line_1_27' title="bbox 96 2531 795 2595; baseline -0.004 -15"><span class='ocrx_word' id='word_1_170' title='bbox 96 2535 167 2595; x_wconf 85' lang='lat' dir='ltr'><strong>(vere</strong></span> <span class='ocrx_word' id='word_1_171' title='bbox 180 2533 272 2593; x_wconf 84' lang='lat' dir='ltr'><strong>magis,</strong></span> <span class='ocrx_word' id='word_1_172' title='bbox 288 2533 349 2594; x_wconf 92' lang='lat' dir='ltr'><strong>quia</strong></span> <span class='ocrx_word' id='word_1_173' title='bbox 362 2547 419 2580; x_wconf 88' lang='lat' dir='ltr'><strong>vere</strong></span> <span class='ocrx_word' id='word_1_174' title='bbox 433 2533 505 2580; x_wconf 86' lang='lat' dir='ltr'><strong>calor</strong></span> <span class='ocrx_word' id='word_1_175' title='bbox 518 2533 583 2580; x_wconf 91' lang='lat' dir='ltr'><strong>redit</strong></span> <span class='ocrx_word' id='word_1_176' title='bbox 596 2531 717 2593; x_wconf 87' lang='lat' dir='ltr'><strong>ossibus),</strong></span> <span class='ocrx_word' id='word_1_177' title='bbox 733 2532 795 2578; x_wconf 87' lang='lat' dir='ltr'><strong>illae</strong></span> 
     </span>
     <span class='ocr_line' id='line_1_28' title="bbox 96 2617 824 2682; baseline -0.01 -13"><span class='ocrx_word' id='word_1_178' title='bbox 96 2636 141 2669; x_wconf 91' lang='lat' dir='ltr'><strong>ore</strong></span> <span class='ocrx_word' id='word_1_179' title='bbox 155 2635 244 2668; x_wconf 89' lang='lat' dir='ltr'><strong>omnes</strong></span> <span class='ocrx_word' id='word_1_180' title='bbox 257 2635 344 2668; x_wconf 83' lang='lat' dir='ltr'><strong>versae</strong></span> <span class='ocrx_word' id='word_1_181' title='bbox 357 2620 382 2667; x_wconf 89' lang='lat' dir='ltr'><strong>in</strong></span> <span class='ocrx_word' id='word_1_182' title='bbox 401 2621 539 2682; x_wconf 78' lang='lat' dir='ltr'><strong>zephyrum</strong></span> <span class='ocrx_word' id='word_1_183' title='bbox 557 2629 626 2668; x_wconf 86' lang='lat' dir='ltr'><strong>stant</strong></span> <span class='ocrx_word' id='word_1_184' title='bbox 642 2619 747 2682; x_wconf 88' lang='lat' dir='ltr'><strong>rupibus</strong></span> <span class='ocrx_word' id='word_1_185' title='bbox 765 2617 824 2664; x_wconf 83' lang='lat' dir='ltr'><strong>ultis</strong></span> 
     </span>
    </p>
   </div>
   <div class='ocr_carea' id='block_1_5' title="bbox 0 0 911 2956">
    <p class='ocr_par' dir='ltr' id='par_1_5' title="bbox 0 0 911 2956">
     <span class='ocr_line' id='line_1_29' title="bbox 0 0 911 2956; baseline 0 0"><span class='ocrx_word' id='word_1_186' title='bbox 0 0 911 2956; x_wconf 95' lang='lat' dir='ltr'><strong> </strong></span> 
     </span>
    </p>
   </div>
  </div>
 </body>
</html>
