<?xml version="1.0" encoding="UTF-8"?>
<!DOCTYPE html PUBLIC "-//W3C//DTD XHTML 1.0 Transitional//EN"
    "http://www.w3.org/TR/xhtml1/DTD/xhtml1-transitional.dtd">
<html xmlns="http://www.w3.org/1999/xhtml" xml:lang="en" lang="en">
 <head>
  <title>
</title>
<meta http-equiv="Content-Type" content="text/html;charset=utf-8" />
  <meta name='ocr-system' content='tesseract 3.04.00' />
  <meta name='ocr-capabilities' content='ocr_page ocr_carea ocr_par ocr_line ocrx_word'/>
</head>
<body>
  <div class='ocr_page' id='page_1' title='image "./pvergiliusmaro00virggoog/pvergiliusmaro00virggoog_0290.png"; bbox 0 0 1808 2956; ppageno 0'>
   <div class='ocr_carea' id='block_1_1' title="bbox 270 109 822 178">
    <p class='ocr_par' dir='ltr' id='par_1_1' title="bbox 270 109 822 178">
     <span class='ocr_line' id='line_1_1' title="bbox 270 109 822 178; baseline 0.004 -24"><span class='ocrx_word' id='word_1_1' title='bbox 270 116 416 155; x_wconf 70' lang='lat' dir='ltr'><strong>autumnos</strong></span> <span class='ocrx_word' id='word_1_2' title='bbox 438 117 527 178; x_wconf 54' lang='lat' dir='ltr'><strong>⁴[naun</strong></span> <span class='ocrx_word' id='word_1_3' title='bbox 543 119 583 156; x_wconf 76' lang='lat' dir='ltr'><strong>vr.</strong></span> <span class='ocrx_word' id='word_1_4' title='bbox 763 109 822 156; x_wconf 76' lang='lat'><strong>291</strong></span> 
     </span>
    </p>
   </div>
   <div class='ocr_carea' id='block_1_2' title="bbox 50 273 831 2542">
    <p class='ocr_par' dir='ltr' id='par_1_2' title="bbox 95 273 785 424">
     <span class='ocr_line' id='line_1_2' title="bbox 98 273 734 335; baseline 0.002 -16"><span class='ocrx_word' id='word_1_5' title='bbox 98 279 227 320; x_wconf 86' lang='lat' dir='ltr'><strong>maternas</strong></span> <span class='ocrx_word' id='word_1_6' title='bbox 241 273 377 334; x_wconf 78' lang='lat' dir='ltr'><strong>adgnoscit</strong></span> <span class='ocrx_word' id='word_1_7' title='bbox 389 287 447 320; x_wconf 85' lang='lat' dir='ltr'><strong>aves</strong></span> <span class='ocrx_word' id='word_1_8' title='bbox 460 274 593 335; x_wconf 83' lang='lat' dir='ltr'><strong>laetusque</strong></span> <span class='ocrx_word' id='word_1_9' title='bbox 607 281 734 335; x_wconf 78' lang='lat' dir='ltr'><strong>precatur.</strong></span> 
     </span>
     <span class='ocr_line' id='line_1_3' title="bbox 95 350 785 424; baseline 0.001 -15"><span class='ocrx_word' id='word_1_10' title='bbox 95 350 160 409; x_wconf 86' lang='lat' dir='ltr'><strong>‘este</strong></span> <span class='ocrx_word' id='word_1_11' title='bbox 173 361 250 409; x_wconf 90' lang='lat' dir='ltr'><strong>dnees</strong></span> <span class='ocrx_word' id='word_1_12' title='bbox 264 375 279 408; x_wconf 92' lang='grc' dir='ltr'>ο</span> <span class='ocrx_word' id='word_1_13' title='bbox 293 361 367 422; x_wconf 86' lang='lat' dir='ltr'><strong>siqua</strong></span> <span class='ocrx_word' id='word_1_14' title='bbox 379 361 421 408; x_wconf 81' lang='lat' dir='ltr'><strong>via</strong></span> <span class='ocrx_word' id='word_1_15' title='bbox 433 368 472 408; x_wconf 90' lang='lat' dir='ltr'><strong>est</strong></span> <span class='ocrx_word' id='word_1_16' title='bbox 484 376 638 423; x_wconf 79' lang='lat' dir='ltr'><strong>cursumque</strong></span> <span class='ocrx_word' id='word_1_17' title='bbox 650 376 696 424; x_wconf 89' lang='lat' dir='ltr'><strong>per</strong></span> <span class='ocrx_word' id='word_1_18' title='bbox 709 377 785 410; x_wconf 86' lang='lat' dir='ltr'><strong>auras</strong></span> 
     </span>
    </p>

    <p class='ocr_par' dir='ltr' id='par_1_3' title="bbox 50 444 831 866">
     <span class='ocr_line' id='line_1_4' title="bbox 50 444 710 511; baseline 0 -13"><span class='ocrx_word' id='word_1_19' title='bbox 50 455 77 498; x_wconf 77' lang='lat'><strong>&gt;5</strong></span> <span class='ocrx_word' id='word_1_20' title='bbox 99 449 202 511; x_wconf 82' lang='lat' dir='ltr'>dirigite</span> <span class='ocrx_word' id='word_1_21' title='bbox 213 449 241 497; x_wconf 91' lang='lat' dir='ltr'><strong>in</strong></span> <span class='ocrx_word' id='word_1_22' title='bbox 254 449 327 497; x_wconf 89' lang='lat' dir='ltr'><strong>lucos</strong></span> <span class='ocrx_word' id='word_1_23' title='bbox 340 448 384 497; x_wconf 91' lang='lat' dir='ltr'><strong>ubi</strong></span> <span class='ocrx_word' id='word_1_24' title='bbox 397 449 520 511; x_wconf 78' lang='lat' dir='ltr'><strong>pinguem</strong></span> <span class='ocrx_word' id='word_1_25' title='bbox 534 450 602 498; x_wconf 86' lang='lat' dir='ltr'><strong>dives</strong></span> <span class='ocrx_word' id='word_1_26' title='bbox 616 444 710 511; x_wconf 83' lang='lat' dir='ltr'><strong>opaca&#39;t</strong></span> 
     </span>
     <span class='ocr_line' id='line_1_5' title="bbox 99 537 783 600; baseline 0.003 -16"><span class='ocrx_word' id='word_1_27' title='bbox 99 552 185 585; x_wconf 88' lang='lat' dir='ltr'><strong>ramus</strong></span> <span class='ocrx_word' id='word_1_28' title='bbox 198 537 313 585; x_wconf 89' lang='lat' dir='ltr'><strong>humum.</strong></span> <span class='ocrx_word' id='word_1_29' title='bbox 341 544 420 600; x_wconf 89' lang='lat' dir='ltr'><strong>tuque</strong></span> <span class='ocrx_word' id='word_1_30' title='bbox 434 551 449 584; x_wconf 94' lang='lat' dir='ltr'><strong>o</strong></span> <span class='ocrx_word' id='word_1_31' title='bbox 463 537 547 585; x_wconf 90' lang='lat' dir='ltr'><strong>dubiis</strong></span> <span class='ocrx_word' id='word_1_32' title='bbox 560 551 593 585; x_wconf 93' lang='lat' dir='ltr'><strong>ne</strong></span> <span class='ocrx_word' id='word_1_33' title='bbox 606 537 686 586; x_wconf 84' lang='lat' dir='ltr'><strong>defice</strong></span> <span class='ocrx_word' id='word_1_34' title='bbox 699 538 783 598; x_wconf 88' lang='lat' dir='ltr'><strong>rebus,</strong></span> 
     </span>
     <span class='ocr_line' id='line_1_6' title="bbox 99 619 683 689; baseline -0.002 -15"><span class='ocrx_word' id='word_1_35' title='bbox 99 626 158 674; x_wconf 81' lang='lat' dir='ltr'><strong>diua</strong></span> <span class='ocrx_word' id='word_1_36' title='bbox 168 619 282 689; x_wconf 83' lang='lat' dir='ltr'><strong>parens’</strong></span> <span class='ocrx_word' id='word_1_37' title='bbox 308 627 344 674; x_wconf 92' lang='lat' dir='ltr'><strong>sic</strong></span> <span class='ocrx_word' id='word_1_38' title='bbox 358 627 449 674; x_wconf 83' lang='lat' dir='ltr'><strong>effatus</strong></span> <span class='ocrx_word' id='word_1_39' title='bbox 462 625 570 687; x_wconf 88' lang='lat' dir='ltr'><strong>vestigia</strong></span> <span class='ocrx_word' id='word_1_40' title='bbox 582 625 683 688; x_wconf 77' lang='lat' dir='ltr'>pressit,</span> 
     </span>
     <span class='ocr_line' id='line_1_7' title="bbox 99 714 831 777; baseline -0.004 -14"><span class='ocrx_word' id='word_1_41' title='bbox 99 715 237 763; x_wconf 89' lang='lat' dir='ltr'><strong>observans</strong></span> <span class='ocrx_word' id='word_1_42' title='bbox 252 728 318 776; x_wconf 88' lang='lat' dir='ltr'><strong>quae</strong></span> <span class='ocrx_word' id='word_1_43' title='bbox 331 714 406 775; x_wconf 85' lang='lat' dir='ltr'><strong>signa</strong></span> <span class='ocrx_word' id='word_1_44' title='bbox 417 715 510 772; x_wconf 83' lang='lat' dir='ltr'><strong>ferant,</strong></span> <span class='ocrx_word' id='word_1_45' title='bbox 526 728 577 776; x_wconf 89' lang='lat' dir='ltr'><strong>qno</strong></span> <span class='ocrx_word' id='word_1_46' title='bbox 591 715 694 762; x_wconf 88' lang='lat' dir='ltr'><strong>tendere</strong></span> <span class='ocrx_word' id='word_1_47' title='bbox 707 723 831 777; x_wconf 86' lang='lat' dir='ltr'><strong>pergant..</strong></span> 
     </span>
     <span class='ocr_line' id='line_1_8' title="bbox 98 803 663 866; baseline -0.005 -14"><span class='ocrx_word' id='word_1_48' title='bbox 98 810 233 866; x_wconf 88' lang='lat' dir='ltr'><strong>pascentes</strong></span> <span class='ocrx_word' id='word_1_49' title='bbox 246 803 308 851; x_wconf 91' lang='lat' dir='ltr'><strong>illae</strong></span> <span class='ocrx_word' id='word_1_50' title='bbox 321 810 421 851; x_wconf 92' lang='lat' dir='ltr'><strong>tantum</strong></span> <span class='ocrx_word' id='word_1_51' title='bbox 435 803 538 866; x_wconf 90' lang='lat' dir='ltr'><strong>prodire</strong></span> <span class='ocrx_word' id='word_1_52' title='bbox 551 803 663 850; x_wconf 87' lang='lat' dir='ltr'><strong>volando</strong></span> 
     </span>
    </p>

    <p class='ocr_par' dir='ltr' id='par_1_4' title="bbox 50 891 782 1305">
     <span class='ocr_line' id='line_1_9' title="bbox 50 891 780 955; baseline -0.005 -14"><span class='ocrx_word' id='word_1_53' title='bbox 50 898 79 941; x_wconf 75' lang='lat' dir='ltr'><strong>lo</strong></span> <span class='ocrx_word' id='word_1_54' title='bbox 100 898 225 955; x_wconf 87' lang='lat' dir='ltr'><strong>qnantum</strong></span> <span class='ocrx_word' id='word_1_55' title='bbox 238 891 293 940; x_wconf 90' lang='lat' dir='ltr'><strong>acie</strong></span> <span class='ocrx_word' id='word_1_56' title='bbox 306 898 411 954; x_wconf 76' lang='lat' dir='ltr'><strong>possent</strong></span> <span class='ocrx_word' id='word_1_57' title='bbox 423 891 492 939; x_wconf 87' lang='lat' dir='ltr'><strong>oculi</strong></span> <span class='ocrx_word' id='word_1_58' title='bbox 505 905 605 939; x_wconf 84' lang='lat' dir='ltr'><strong>servare</strong></span> <span class='ocrx_word' id='word_1_59' title='bbox 619 898 780 954; x_wconf 90' lang='lat' dir='ltr'><strong>sequentum.</strong></span> 
     </span>
     <span class='ocr_line' id='line_1_10' title="bbox 99 979 782 1040; baseline -0.001 -12"><span class='ocrx_word' id='word_1_60' title='bbox 99 981 160 1028; x_wconf 90' lang='lat' dir='ltr'><strong>inde</strong></span> <span class='ocrx_word' id='word_1_61' title='bbox 171 979 216 1027; x_wconf 86' lang='lat' dir='ltr'><strong>ubi</strong></span> <span class='ocrx_word' id='word_1_62' title='bbox 229 994 320 1028; x_wconf 87' lang='lat' dir='ltr'><strong>venere</strong></span> <span class='ocrx_word' id='word_1_63' title='bbox 335 980 367 1027; x_wconf 91' lang='lat' dir='ltr'><strong>ad</strong></span> <span class='ocrx_word' id='word_1_64' title='bbox 381 979 467 1027; x_wconf 78' lang='lat' dir='ltr'><strong>fauces</strong></span> <span class='ocrx_word' id='word_1_65' title='bbox 480 993 557 1040; x_wconf 86' lang='lat' dir='ltr'><strong>grave</strong></span> <span class='ocrx_word' id='word_1_66' title='bbox 570 979 663 1027; x_wconf 89' lang='lat' dir='ltr'><strong>olentis</strong></span> <span class='ocrx_word' id='word_1_67' title='bbox 676 979 782 1038; x_wconf 81' lang='lat' dir='ltr'><strong>Averni,</strong></span> 
     </span>
     <span class='ocr_line' id='line_1_11' title="bbox 99 1067 769 1130; baseline 0 -14"><span class='ocrx_word' id='word_1_68' title='bbox 99 1069 195 1116; x_wconf 89' lang='lat' dir='ltr'><strong>tollunt</strong></span> <span class='ocrx_word' id='word_1_69' title='bbox 207 1083 234 1116; x_wconf 91' lang='lat' dir='ltr'><strong>se</strong></span> <span class='ocrx_word' id='word_1_70' title='bbox 247 1068 343 1116; x_wconf 80' lang='lat' dir='ltr'><strong>celeres</strong></span> <span class='ocrx_word' id='word_1_71' title='bbox 355 1067 535 1130; x_wconf 87' lang='lat' dir='ltr'><strong>liquidumque</strong></span> <span class='ocrx_word' id='word_1_72' title='bbox 548 1082 594 1130; x_wconf 90' lang='lat' dir='ltr'><strong>per</strong></span> <span class='ocrx_word' id='word_1_73' title='bbox 606 1081 667 1115; x_wconf 86' lang='lat' dir='ltr'><strong>aera</strong></span> <span class='ocrx_word' id='word_1_74' title='bbox 680 1069 769 1130; x_wconf 82' lang='lat' dir='ltr'><strong>lapsae</strong></span> 
     </span>
     <span class='ocr_line' id='line_1_12' title="bbox 99 1155 736 1218; baseline 0 -14"><span class='ocrx_word' id='word_1_75' title='bbox 99 1156 203 1204; x_wconf 89' lang='lat' dir='ltr'><strong>sedibus</strong></span> <span class='ocrx_word' id='word_1_76' title='bbox 216 1156 310 1217; x_wconf 86' lang='lat' dir='ltr'><strong>optatis</strong></span> <span class='ocrx_word' id='word_1_77' title='bbox 323 1156 443 1217; x_wconf 84' lang='lat' dir='ltr'><strong>gerninae</strong></span> <span class='ocrx_word' id='word_1_78' title='bbox 456 1169 532 1218; x_wconf 88' lang='lat' dir='ltr'><strong>super</strong></span> <span class='ocrx_word' id='word_1_79' title='bbox 545 1155 635 1204; x_wconf 90' lang='lat' dir='ltr'><strong>arbore</strong></span> <span class='ocrx_word' id='word_1_80' title='bbox 648 1156 736 1205; x_wconf 89' lang='lat' dir='ltr'><strong>sidunt</strong></span> 
     </span>
     <span class='ocr_line' id='line_1_13' title="bbox 100 1243 719 1305; baseline 0 -13"><span class='ocrx_word' id='word_1_81' title='bbox 100 1245 214 1293; x_wconf 85' lang='lat' dir='ltr'><strong>discolor</strong></span> <span class='ocrx_word' id='word_1_82' title='bbox 226 1244 295 1292; x_wconf 90' lang='lat' dir='ltr'><strong>unde</strong></span> <span class='ocrx_word' id='word_1_83' title='bbox 308 1243 364 1290; x_wconf 86' lang='lat' dir='ltr'><strong>auri</strong></span> <span class='ocrx_word' id='word_1_84' title='bbox 377 1257 423 1305; x_wconf 94' lang='lat' dir='ltr'><strong>per</strong></span> <span class='ocrx_word' id='word_1_85' title='bbox 435 1258 521 1291; x_wconf 83' lang='lat' dir='ltr'><strong>ramos</strong></span> <span class='ocrx_word' id='word_1_86' title='bbox 534 1258 598 1292; x_wconf 84' lang='lat' dir='ltr'><strong>aura</strong></span> <span class='ocrx_word' id='word_1_87' title='bbox 611 1244 719 1293; x_wconf 88' lang='lat' dir='ltr'><strong>refulsit.</strong></span> 
     </span>
    </p>

    <p class='ocr_par' dir='ltr' id='par_1_5' title="bbox 50 1332 812 1748">
     <span class='ocr_line' id='line_1_14' title="bbox 50 1332 683 1396; baseline -0.003 -14"><span class='ocrx_word' id='word_1_88' title='bbox 50 1338 80 1382; x_wconf 65' lang='grc'><strong>35</strong></span> <span class='ocrx_word' id='word_1_89' title='bbox 101 1333 178 1396; x_wconf 88' lang='lat' dir='ltr'><strong>quale</strong></span> <span class='ocrx_word' id='word_1_90' title='bbox 190 1333 257 1381; x_wconf 92' lang='lat' dir='ltr'><strong>solet</strong></span> <span class='ocrx_word' id='word_1_91' title='bbox 268 1332 339 1380; x_wconf 89' lang='lat' dir='ltr'><strong>silvis</strong></span> <span class='ocrx_word' id='word_1_92' title='bbox 353 1332 462 1380; x_wconf 85' lang='lat' dir='ltr'><strong>brumali</strong></span> <span class='ocrx_word' id='word_1_93' title='bbox 478 1333 574 1394; x_wconf 79' lang='lat' dir='ltr'><strong>frigore</strong></span> <span class='ocrx_word' id='word_1_94' title='bbox 586 1332 683 1381; x_wconf 85' lang='lat' dir='ltr'><strong>viscum</strong></span> 
     </span>
     <span class='ocr_line' id='line_1_15' title="bbox 101 1420 812 1483; baseline 0 -13"><span class='ocrx_word' id='word_1_95' title='bbox 101 1420 193 1470; x_wconf 86' lang='lat' dir='ltr'><strong>fronde</strong></span> <span class='ocrx_word' id='word_1_96' title='bbox 204 1421 286 1469; x_wconf 89' lang='lat' dir='ltr'><strong>virere</strong></span> <span class='ocrx_word' id='word_1_97' title='bbox 298 1434 374 1479; x_wconf 82' lang='lat' dir='ltr'><strong>nova,</strong></span> <span class='ocrx_word' id='word_1_98' title='bbox 390 1421 460 1483; x_wconf 90' lang='lat' dir='ltr'><strong>quod</strong></span> <span class='ocrx_word' id='word_1_99' title='bbox 472 1435 526 1468; x_wconf 91' lang='lat' dir='ltr'><strong>non</strong></span> <span class='ocrx_word' id='word_1_100' title='bbox 539 1436 587 1468; x_wconf 86' lang='lat' dir='ltr'><strong>sua</strong></span> <span class='ocrx_word' id='word_1_101' title='bbox 599 1421 710 1469; x_wconf 81' lang='lat' dir='ltr'><strong>seminet</strong></span> <span class='ocrx_word' id='word_1_102' title='bbox 722 1421 812 1481; x_wconf 79' lang='lat' dir='ltr'><strong>arbos,</strong></span> 
     </span>
     <span class='ocr_line' id='line_1_16' title="bbox 100 1509 695 1569; baseline -0.002 -11"><span class='ocrx_word' id='word_1_103' title='bbox 100 1516 126 1558; x_wconf 93' lang='lat' dir='ltr'><strong>et</strong></span> <span class='ocrx_word' id='word_1_104' title='bbox 133 1523 229 1558; x_wconf 82' lang='lat' dir='ltr'><strong>croceo</strong></span> <span class='ocrx_word' id='word_1_105' title='bbox 243 1509 295 1557; x_wconf 91' lang='lat' dir='ltr'><strong>fetu</strong></span> <span class='ocrx_word' id='word_1_106' title='bbox 309 1509 395 1556; x_wconf 89' lang='lat' dir='ltr'><strong>teretis</strong></span> <span class='ocrx_word' id='word_1_107' title='bbox 409 1509 569 1556; x_wconf 86' lang='lat' dir='ltr'><strong>circumdare</strong></span> <span class='ocrx_word' id='word_1_108' title='bbox 582 1517 695 1569; x_wconf 80' lang='lat' dir='ltr'><strong>truncos,</strong></span> 
     </span>
     <span class='ocr_line' id='line_1_17' title="bbox 100 1597 664 1660; baseline -0.002 -14"><span class='ocrx_word' id='word_1_109' title='bbox 100 1599 160 1646; x_wconf 84' lang='lat' dir='ltr'><strong>talis</strong></span> <span class='ocrx_word' id='word_1_110' title='bbox 172 1604 228 1646; x_wconf 87' lang='lat' dir='ltr'><strong>erat</strong></span> <span class='ocrx_word' id='word_1_111' title='bbox 240 1597 339 1660; x_wconf 88' lang='lat' dir='ltr'><strong>species</strong></span> <span class='ocrx_word' id='word_1_112' title='bbox 352 1598 407 1645; x_wconf 87' lang='lat' dir='ltr'><strong>euri</strong></span> <span class='ocrx_word' id='word_1_113' title='bbox 423 1597 567 1645; x_wconf 90' lang='lat' dir='ltr'><strong>frondentis</strong></span> <span class='ocrx_word' id='word_1_114' title='bbox 581 1611 664 1659; x_wconf 88' lang='lat' dir='ltr'><strong>opaca</strong></span> 
     </span>
     <span class='ocr_line' id='line_1_18' title="bbox 100 1684 652 1748; baseline -0.002 -14"><span class='ocrx_word' id='word_1_115' title='bbox 100 1686 169 1744; x_wconf 88' lang='lat' dir='ltr'><strong>ilice,</strong></span> <span class='ocrx_word' id='word_1_116' title='bbox 185 1684 222 1733; x_wconf 91' lang='lat' dir='ltr'><strong>sic</strong></span> <span class='ocrx_word' id='word_1_117' title='bbox 235 1686 287 1734; x_wconf 88' lang='lat' dir='ltr'><strong>leni</strong></span> <span class='ocrx_word' id='word_1_118' title='bbox 301 1686 444 1748; x_wconf 80' lang='lat' dir='ltr'><strong>crepitabat</strong></span> <span class='ocrx_word' id='word_1_119' title='bbox 457 1685 556 1733; x_wconf 84' lang='lat' dir='ltr'><strong>brattea</strong></span> <span class='ocrx_word' id='word_1_120' title='bbox 568 1693 652 1733; x_wconf 83' lang='lat' dir='ltr'><strong>vento.</strong></span> 
     </span>
    </p>

    <p class='ocr_par' dir='ltr' id='par_1_6' title="bbox 50 1773 753 1924">
     <span class='ocr_line' id='line_1_19' title="bbox 50 1773 750 1836; baseline -0.003 -14"><span class='ocrx_word' id='word_1_121' title='bbox 50 1780 81 1822; x_wconf 82' lang='lat'><strong>10</strong></span> <span class='ocrx_word' id='word_1_122' title='bbox 101 1775 208 1836; x_wconf 86' lang='lat' dir='ltr'><strong>corripit</strong></span> <span class='ocrx_word' id='word_1_123' title='bbox 219 1776 322 1822; x_wconf 80' lang='lat' dir='ltr'><strong>Aeneas</strong></span> <span class='ocrx_word' id='word_1_124' title='bbox 335 1774 464 1836; x_wconf 86' lang='lat' dir='ltr'><strong>extemplo</strong></span> <span class='ocrx_word' id='word_1_125' title='bbox 478 1774 619 1836; x_wconf 83' lang='lat' dir='ltr'><strong>avidusque</strong></span> <span class='ocrx_word' id='word_1_126' title='bbox 632 1773 750 1835; x_wconf 87' lang='lat' dir='ltr'><strong>refringit</strong></span> 
     </span>
     <span class='ocr_line' id='line_1_20' title="bbox 101 1861 753 1924; baseline -0.003 -14"><span class='ocrx_word' id='word_1_127' title='bbox 101 1869 264 1911; x_wconf 86' lang='lat' dir='ltr'><strong>cunctantem</strong></span> <span class='ocrx_word' id='word_1_128' title='bbox 277 1868 303 1910; x_wconf 89' lang='lat' dir='ltr'><strong>et</strong></span> <span class='ocrx_word' id='word_1_129' title='bbox 314 1862 379 1909; x_wconf 85' lang='lat' dir='ltr'><strong>vatis</strong></span> <span class='ocrx_word' id='word_1_130' title='bbox 392 1869 477 1923; x_wconf 79' lang='lat' dir='ltr'><strong>portet</strong></span> <span class='ocrx_word' id='word_1_131' title='bbox 489 1862 536 1910; x_wconf 92' lang='lat' dir='ltr'><strong>sub</strong></span> <span class='ocrx_word' id='word_1_132' title='bbox 550 1869 617 1910; x_wconf 83' lang='lat' dir='ltr'><strong>tecta</strong></span> <span class='ocrx_word' id='word_1_133' title='bbox 630 1861 753 1924; x_wconf 88' lang='lat' dir='ltr'><strong>Sibyllae.</strong></span> 
     </span>
    </p>

    <p class='ocr_par' dir='ltr' id='par_1_7' title="bbox 136 1949 775 1999">
     <span class='ocr_line' id='line_1_21' title="bbox 136 1949 775 1999; baseline -0.002 0"><span class='ocrx_word' id='word_1_134' title='bbox 136 1950 189 1999; x_wconf 86' lang='lat' dir='ltr'><strong>Nec</strong></span> <span class='ocrx_word' id='word_1_135' title='bbox 202 1951 286 1998; x_wconf 89' lang='lat' dir='ltr'><strong>minus</strong></span> <span class='ocrx_word' id='word_1_136' title='bbox 299 1950 399 1998; x_wconf 85' lang='lat' dir='ltr'><strong>interea</strong></span> <span class='ocrx_word' id='word_1_137' title='bbox 411 1950 540 1999; x_wconf 87' lang='lat' dir='ltr'><strong>Misenum</strong></span> <span class='ocrx_word' id='word_1_138' title='bbox 552 1951 579 1998; x_wconf 92' lang='lat' dir='ltr'><strong>in</strong></span> <span class='ocrx_word' id='word_1_139' title='bbox 594 1951 669 1998; x_wconf 90' lang='lat' dir='ltr'><strong>litore</strong></span> <span class='ocrx_word' id='word_1_140' title='bbox 681 1949 775 1998; x_wconf 86' lang='lat' dir='ltr'><strong>Teucri</strong></span> 
     </span>
    </p>

    <p class='ocr_par' dir='ltr' id='par_1_8' title="bbox 100 2039 713 2190">
     <span class='ocr_line' id='line_1_22' title="bbox 101 2039 713 2100; baseline -0.003 -13"><span class='ocrx_word' id='word_1_141' title='bbox 101 2039 198 2088; x_wconf 89' lang='lat' dir='ltr'><strong>flebant</strong></span> <span class='ocrx_word' id='word_1_142' title='bbox 210 2047 235 2088; x_wconf 89' lang='lat' dir='ltr'><strong>et</strong></span> <span class='ocrx_word' id='word_1_143' title='bbox 248 2039 328 2088; x_wconf 89' lang='lat' dir='ltr'><strong>cineri</strong></span> <span class='ocrx_word' id='word_1_144' title='bbox 341 2040 443 2100; x_wconf 88' lang='lat' dir='ltr'><strong>ingrato</strong></span> <span class='ocrx_word' id='word_1_145' title='bbox 457 2053 577 2100; x_wconf 83' lang='lat' dir='ltr'><strong>supreme</strong></span> <span class='ocrx_word' id='word_1_146' title='bbox 589 2039 713 2087; x_wconf 87' lang='lat' dir='ltr'><strong>ferebant.</strong></span> 
     </span>
     <span class='ocr_line' id='line_1_23' title="bbox 100 2126 686 2190; baseline -0.002 -15"><span class='ocrx_word' id='word_1_147' title='bbox 100 2128 228 2190; x_wconf 85' lang='lat' dir='ltr'><strong>principio</strong></span> <span class='ocrx_word' id='word_1_148' title='bbox 242 2128 365 2190; x_wconf 87' lang='lat' dir='ltr'><strong>pinguem</strong></span> <span class='ocrx_word' id='word_1_149' title='bbox 378 2127 460 2174; x_wconf 83' lang='lat' dir='ltr'><strong>taedis</strong></span> <span class='ocrx_word' id='word_1_150' title='bbox 474 2133 499 2175; x_wconf 93' lang='lat' dir='ltr'><strong>et</strong></span> <span class='ocrx_word' id='word_1_151' title='bbox 511 2126 604 2175; x_wconf 88' lang='lat' dir='ltr'><strong>robore</strong></span> <span class='ocrx_word' id='word_1_152' title='bbox 617 2134 686 2175; x_wconf 89' lang='lat' dir='ltr'><strong>secto</strong></span> 
     </span>
    </p>

    <p class='ocr_par' dir='ltr' id='par_1_9' title="bbox 50 2214 810 2542">
     <span class='ocr_line' id='line_1_24' title="bbox 50 2214 752 2278; baseline -0.004 -14"><span class='ocrx_word' id='word_1_153' title='bbox 50 2217 80 2264; x_wconf 78' lang='lat'><strong>15</strong></span> <span class='ocrx_word' id='word_1_154' title='bbox 100 2216 233 2278; x_wconf 87' lang='lat' dir='ltr'><strong>ingentem</strong></span> <span class='ocrx_word' id='word_1_155' title='bbox 246 2224 361 2264; x_wconf 85' lang='lat' dir='ltr'><strong>struxere</strong></span> <span class='ocrx_word' id='word_1_156' title='bbox 374 2230 473 2278; x_wconf 85' lang='lat' dir='ltr'><strong>pyram,</strong></span> <span class='ocrx_word' id='word_1_157' title='bbox 490 2215 530 2264; x_wconf 90' lang='lat' dir='ltr'><strong>eui</strong></span> <span class='ocrx_word' id='word_1_158' title='bbox 543 2214 752 2262; x_wconf 76' lang='lat' dir='ltr'><strong>frondibusetris</strong></span> 
     </span>
     <span class='ocr_line' id='line_1_25' title="bbox 100 2303 672 2365; baseline -0.002 -14"><span class='ocrx_word' id='word_1_159' title='bbox 100 2304 220 2353; x_wconf 88' lang='lat' dir='ltr'><strong>intexunt</strong></span> <span class='ocrx_word' id='word_1_160' title='bbox 234 2305 314 2352; x_wconf 86' lang='lat' dir='ltr'><strong>latera</strong></span> <span class='ocrx_word' id='word_1_161' title='bbox 327 2310 353 2352; x_wconf 89' lang='lat' dir='ltr'><strong>et</strong></span> <span class='ocrx_word' id='word_1_162' title='bbox 364 2303 452 2351; x_wconf 86' lang='lat' dir='ltr'><strong>feralis</strong></span> <span class='ocrx_word' id='word_1_163' title='bbox 465 2310 525 2351; x_wconf 85' lang='lat' dir='ltr'><strong>ante</strong></span> <span class='ocrx_word' id='word_1_164' title='bbox 538 2316 672 2365; x_wconf 88' lang='lat' dir='ltr'><strong>cupressos</strong></span> 
     </span>
     <span class='ocr_line' id='line_1_26' title="bbox 102 2389 810 2453; baseline -0.004 -13"><span class='ocrx_word' id='word_1_165' title='bbox 102 2393 261 2440; x_wconf 87' lang='lat' dir='ltr'><strong>constituent</strong></span> <span class='ocrx_word' id='word_1_166' title='bbox 273 2392 446 2453; x_wconf 88' lang='lat' dir='ltr'><strong>decorantque</strong></span> <span class='ocrx_word' id='word_1_167' title='bbox 459 2404 536 2452; x_wconf 91' lang='lat' dir='ltr'><strong>super</strong></span> <span class='ocrx_word' id='word_1_168' title='bbox 548 2390 705 2452; x_wconf 85' lang='lat' dir='ltr'><strong>fulgentibus</strong></span> <span class='ocrx_word' id='word_1_169' title='bbox 722 2389 810 2438; x_wconf 85' lang='lat' dir='ltr'><strong>armis.</strong></span> 
     </span>
     <span class='ocr_line' id='line_1_27' title="bbox 101 2477 760 2542; baseline -0.006 -16"><span class='ocrx_word' id='word_1_170' title='bbox 101 2494 161 2542; x_wconf 82' lang='lat' dir='ltr'><strong>pars</strong></span> <span class='ocrx_word' id='word_1_171' title='bbox 175 2479 272 2528; x_wconf 86' lang='lat' dir='ltr'><strong>calidos</strong></span> <span class='ocrx_word' id='word_1_172' title='bbox 282 2480 375 2528; x_wconf 87' lang='lat' dir='ltr'><strong>latices</strong></span> <span class='ocrx_word' id='word_1_173' title='bbox 388 2485 414 2527; x_wconf 88' lang='lat' dir='ltr'><strong>et</strong></span> <span class='ocrx_word' id='word_1_174' title='bbox 425 2492 493 2526; x_wconf 83' lang='lat' dir='ltr'><strong>aena</strong></span> <span class='ocrx_word' id='word_1_175' title='bbox 505 2478 634 2525; x_wconf 84' lang='lat' dir='ltr'><strong>undantia</strong></span> <span class='ocrx_word' id='word_1_176' title='bbox 642 2477 760 2524; x_wconf 60' lang='lat' dir='ltr'><strong>damnus</strong></span> 
     </span>
    </p>
   </div>
   <div class='ocr_carea' id='block_1_3' title="bbox 99 2557 852 2693">
    <p class='ocr_par' dir='ltr' id='par_1_10' title="bbox 99 2557 852 2693">
     <span class='ocr_line' id='line_1_28' title="bbox 99 2557 852 2689; baseline -0.004 -74"><span class='ocrx_word' id='word_1_177' title='bbox 99 2569 239 2630; x_wconf 80' lang='lat' dir='ltr'><strong>expediunt</strong></span> <span class='ocrx_word' id='word_1_178' title='bbox 252 2584 404 2635; x_wconf 88' lang='lat' dir='ltr'><strong>corpusque</strong></span> <span class='ocrx_word' id='word_1_179' title='bbox 415 2569 512 2619; x_wconf 76' lang='lat' dir='ltr'><strong>lavant</strong></span> <span class='ocrx_word' id='word_1_180' title='bbox 522 2566 652 2630; x_wconf 69' lang='lat' dir='ltr'><strong>trigonus</strong></span> <span class='ocrx_word' id='word_1_181' title='bbox 664 2557 852 2689; x_wconf 39' lang='lat' dir='ltr'><strong>{potem</strong></span> 
     </span>
     <span class='ocr_line' id='line_1_29' title="bbox 646 2649 668 2693; baseline 0 0"><span class='ocrx_word' id='word_1_182' title='bbox 646 2649 668 2693; x_wconf 66' lang='grc' dir='ltr'>Χ</span> 
     </span>
    </p>
   </div>
   <div class='ocr_carea' id='block_1_4' title="bbox 0 0 908 2956">
    <p class='ocr_par' dir='ltr' id='par_1_11' title="bbox 0 0 908 2956">
     <span class='ocr_line' id='line_1_30' title="bbox 0 0 908 2956; baseline 0 0"><span class='ocrx_word' id='word_1_183' title='bbox 0 0 908 2956; x_wconf 95' lang='lat' dir='ltr'><strong> </strong></span> 
     </span>
    </p>
   </div>
  </div>
 </body>
</html>
