1808 2956
161 204 186 241 P.
205 203 292 242 VERG.
309 203 381 242 Mla.
401 203 549 243 AENEIDOS
567 204 655 242 LIBER
672 204 711 242 lv.
774 193 835 240 221

109 360 247 421 degeneres
261 359 361 406 animos
374 359 452 406 timor
465 360 558 421 arguit.
587 360 637 409 heu
651 360 743 422 quibus
757 360 802 409 illc

108 449 218 496 iactatus
231 447 305 495 fatis!
327 462 393 509 quae
406 448 475 496 bella
488 449 614 497 exhausta
626 448 748 496 canebat!

56 543 88 585 15
110 537 130 584 si
144 536 207 583 mihi
220 550 272 583 non
287 536 374 584 animo
387 536 467 584 fixum
480 536 658 600 inmotumque
672 536 773 584 sederet

108 625 183 674 necui
197 639 237 672 me
249 624 335 672 vinclo
348 625 441 673 vellem
454 625 553 673 sociare
566 625 647 686 iugali

109 721 246 777 postquam
259 713 355 775 primus
369 729 441 761 amor
455 715 588 776 deceptam
601 720 682 760 morte
696 712 795 771 fefellit,

111 803 131 850 si
145 816 198 849 non
211 809 356 863 pertaesum
369 801 477 850 thalami
491 803 634 864 taedaeque
646 801 744 858 fuisset,

110 891 171 938 huic
184 890 228 937 uni
242 890 330 938 forsan
344 891 416 952 potui
430 891 597 939 succumbere
611 891 711 952 culpae.

54 986 89 1028 20
109 981 196 1037 Anna,
212 978 312 1027 fatebor
325 979 402 1037 enim,
418 979 503 1027 miseri
517 979 640 1041 postlata
654 976 761 1040 Sychaei

110 1068 227 1129 coniugis
241 1073 266 1115 et
278 1081 381 1129 sparsos
395 1067 507 1116 fraterna
520 1068 599 1116 caede
611 1074 716 1129 penates

109 1157 180 1204 solus
193 1156 235 1204 hic
248 1156 347 1203 inflexit
359 1171 448 1204 sensus
463 1157 628 1218 animumque
642 1155 773 1203 labantem

109 1244 211 1307 inpulit.
240 1245 371 1306 adgnosco
384 1245 476 1293 veteris
490 1245 596 1306 vestigia
607 1245 736 1305 fiammae.

109 1333 153 1381 sed
167 1333 230 1380 mihi
245 1333 283 1381 vel
297 1333 374 1381 tellus
387 1340 473 1396 optem
486 1334 557 1396 prius
570 1334 622 1380 ima
636 1334 751 1382 dehiscat

55 1426 88 1468 25
109 1422 148 1469 vel
161 1429 234 1484 pater
245 1422 408 1484 omnipotens
420 1422 508 1483 adigat
520 1436 560 1469 me
567 1422 675 1470 fulmine
683 1422 715 1469 ad
723 1420 838 1480 umbras,

110 1511 235 1572 pallentes
249 1510 352 1557 umbras
365 1509 443 1558 Erebi
456 1517 610 1572 noctemque
623 1510 787 1573 profundam,

107 1606 175 1657 aute,
191 1599 283 1661 pudor,
300 1614 378 1661 quam
391 1606 415 1647 te
428 1598 496 1646 violo
510 1606 554 1646 aut
567 1605 612 1645 tua
624 1599 680 1645 iura
693 1598 801 1645 resolvo.

108 1687 153 1734 ille
166 1702 245 1746 meos,
261 1688 357 1749 primus
371 1688 415 1750 qui
428 1702 469 1735 me
482 1688 531 1735 sibi
545 1687 637 1743 iunxit,
654 1700 754 1734 amores

109 1775 215 1823 abstulit
226 1793 231 1835 3
252 1776 297 1824 ille
309 1775 404 1823 habeat
416 1791 504 1824 secum
517 1781 650 1836 servetque
663 1765 820 1836 sepulchr0.'

54 1869 88 1911 30
108 1863 145 1912 sic
159 1865 236 1912 effata
248 1865 334 1911 sinum
347 1864 460 1912 lacrimis
474 1864 582 1926 inplevit
595 1861 702 1910 obortis.

143 1953 222 2001 Anna
235 1942 348 2001 refert‘o
362 1954 419 2001 luce
432 1953 515 2014 magis
529 1952 624 1999 dilecta
636 1952 728 2010 sorori,

108 2042 198 2089 solane
211 2049 335 2104 perpetua
348 2056 464 2089 maerens
479 2055 583 2103 carpere
596 2041 707 2098 iuventa,

108 2144 155 2177 nec
169 2130 251 2178 dulcis
264 2136 347 2187 natos,
363 2129 471 2177 Veneris
484 2143 532 2176 nec
545 2129 660 2191 praemia
673 2128 760 2175 noris?

108 2218 133 2264 id
148 2219 259 2266 cinerem
273 2224 317 2264 aut
329 2232 418 2266 manes
432 2217 514 2266 credis
528 2232 617 2265 curare
630 2216 762 2279 sepultos?

54 2311 87 2353 35
108 2313 177 2354 esto:
200 2321 305 2368 aegram
318 2307 384 2354 nulli
398 2306 530 2369 quondam
543 2305 637 2353 flexere
650 2305 744 2363 mariti,

109 2410 161 2442 non
174 2395 281 2457 Libyae,
297 2409 351 2455 non
364 2402 424 2443 ante
436 2395 505 2456 Tyro
516 2411 522 2453 ;
543 2394 677 2456 despectus
690 2392 778 2440 Iarbas

109 2484 279 2545 ductoresque
293 2484 337 2530 alii
351 2498 417 2546 quos
429 2483 520 2531 Africa
533 2489 600 2530 terra
613 2481 752 2542 triumphis

109 2572 177 2619 dives
191 2573 250 2620 alit:
269 2572 404 2634 placitone
418 2572 501 2623 etiam
513 2569 653 2637 pugnabis
666 2563 773 2614 amaad

96 2671 146 2705 nee
159 2660 268 2708 venitin
284 2670 405 2715 mentem
420 2680 550 2731 quorum
562 2653 729 2714 consedere
743 2637 840 2693 aad&
