1808 2956
69 165 128 212 442
307 174 333 213 Ρ.
351 172 471 213 vunnim
492 171 625 213 maome

138 332 303 381 conclamant
315 331 379 380 socii
393 332 488 381 laetum
500 342 602 391 paeana
613 330 710 379 secuti.

137 420 183 469 ille
195 427 281 470 autem
294 421 414 483 expirans
424 409 546 478 ‘nonme
562 418 725 481 quicumque
734 435 771 480 es,
781 421 868 479 inulto,

68 514 118 560 740
137 510 226 568 vietor,
243 523 290 558 nec
303 510 411 571 longum
424 505 568 566 laetabere3
588 512 613 555 te
627 522 738 570 quoque
752 509 808 558 iata
858 554 861 559 .

138 605 304 661 prospectant
322 597 397 660 paria
409 607 486 659 atque
499 595 590 644 eadem
602 610 666 644 mox
678 612 745 647 arva
759 589 869 648 tenebis'

139 687 171 736 ad
186 702 262 750 quem
275 686 409 734 subridens
422 685 503 733 mixta
515 684 660 733 Mezentius
672 685 715 736 ira

136 765 216 824 ‘nunc
235 790 344 824 morere.
371 782 412 825 ast
430 776 462 824 de
480 787 521 822 me
539 773 626 821 divom
645 782 724 836 pater
738 784 820 841 atque
832 777 868 826 ho

439 877 538 911 minum
550 875 597 910 rex

138 945 247 1002 viderit.’
272 953 322 1002 hoc
336 953 423 1002 dicens
437 951 525 1001 eduxit
538 965 647 1013 corpore
660 952 757 1002 telum.

69 1045 119 1091 745
139 1042 184 1090 olli
198 1042 263 1090 dura
276 1041 349 1104 quies
362 1042 452 1089 oculos
466 1048 491 1089 et
503 1039 600 1088 ferreus
615 1049 713 1101 urguet

138 1144 253 1188 somnus,
269 1130 296 1176 in
310 1137 441 1178 aeternam
455 1128 611 1178 clauduntur
623 1128 728 1178 lumina
743 1138 854 1181 noctem.

140 1216 267 1267 Caedicus
296 1217 455 1268 Alcathoum
486 1216 637 1274 obtruncat,
672 1215 802 1269 Sacrator
826 1219 869 1283 Hy·

411 1368 414 1373 Ι
440 1307 546 1370 daspen‚

139 1394 358 1457 Partheniumque
371 1395 445 1458 Rapo
463 1402 488 1444 et
500 1394 656 1458 praedurum
670 1394 772 1445 viribus
780 1396 868 1456 Orsen,

138 1483 272 1547 Messapus
287 1482 463 1547 Cloniumque
474 1481 688 1547 Lycaoniumque
703 1484 837 1546 Erieeten,

70 1577 121 1623 750
139 1573 214 1622 illum
227 1573 333 1622 infrenis
348 1574 406 1636 equi
421 1575 495 1636 lapsu
508 1573 600 1621 tellure
612 1572 754 1634 iacentem,

140 1662 208 1710 hunc
220 1663 334 1726 peditem
346 1663 433 1726 pedes.
462 1668 488 1711 et
499 1660 594 1724 Lycius
611 1673 781 1724 processerat
793 1664 868 1727 Agis:

140 1767 216 1815 quern
230 1759 315 1801 tamen
329 1751 398 1799 baud
412 1765 502 1814 expers
516 1749 625 1798 Valerus
639 1749 742 1799 virtutis
757 1754 841 1802 avitae

140 1840 232 1900 deicit3
253 1847 279 1889 at
292 1839 437 1887 Thronium
450 1838 544 1898 Salius,
561 1836 715 1901 Saliumque
727 1840 849 1900 Nealces,

139 1928 247 1990 insignis
261 1929 346 1978 iaculo
360 1936 385 1977 ct
397 1930 475 1990 longe
488 1928 594 1976 fallente
607 1927 711 1989 sagitta.

69 2019 119 2065 755
174 2017 230 2064 Iam
242 2018 326 2078 gravis
341 2017 469 2079 aequabat
481 2017 565 2065 luctus
579 2022 603 2064 et
616 2022 707 2065 mutua
719 2018 828 2070 Mavors

138 2104 237 2164 lunera,
254 2105 396 2154 caedebant
409 2105 505 2168 pariter
517 2104 663 2167 pariterque
677 2105 794 2157 ruebant

139 2193 247 2242 victores
260 2194 385 2257 victique,
407 2209 491 2257 neque
504 2194 544 2242 his
557 2193 620 2255 suga
632 2200 695 2240 nota
708 2208 798 2258 neque
811 2197 861 2247 illis

139 2282 165 2329 di
178 2281 245 2330 lovis
259 2283 285 2330 in
299 2283 372 2331 tectis
385 2283 450 2331 iram
463 2283 616 2331 miserantur
630 2282 734 2330 inanem

139 2371 274 2419 amborum
287 2378 313 2419 et
325 2378 410 2419 tantos
424 2371 577 2420 mortalibus
591 2385 646 2419 esse
660 2370 781 2421 labores:

70 2461 119 2507 760
140 2458 200 2508 hine
213 2459 310 2519 Venus,
326 2460 387 2509 hinc
401 2468 491 2510 contra
504 2467 603 2523 spectat
616 2458 740 2509 Saturnia
751 2461 832 2523 Iuno,

138 2549 238 2611 pallida
250 2549 393 2611 Tisiphone
406 2550 492 2598 media
503 2549 570 2598 inter
583 2549 655 2597 milia
670 2550 760 2598 saevit.

59 2630 62 2637 ¹
129 2646 161 2691 at
173 2655 235 2692 reru
248 2640 385 2706 ingentem
399 2639 522 2704 quatiens
530 2636 678 2686 mesenum
683 2635 795 2681 hastam
