1808 2956
251 141 400 181 auunlnos
418 141 504 180 LIBER
518 142 547 180 V·

70 300 183 349 diductis
196 300 295 348 solvere
308 298 393 347 choris
406 313 545 361 rursusque
557 299 641 347 vocati

70 399 221 439 convertere
233 389 286 436 vias
299 387 445 449 infestaque
457 387 509 436 tela
522 388 612 436 tulere.

70 479 133 527 iude
147 479 213 526 alios
227 477 316 525 ineunt
329 491 418 525 cursus
432 476 549 538 aliosque
562 491 680 524 recursus

70 559 171 616 adversi
185 566 273 629 spatiis
288 565 452 627 alternosque
466 564 569 621 orbibus
584 564 658 613 orbes

10 663 48 707 85
69 656 209 718 inpediunt
221 669 376 717 pugnaeque
389 655 457 702 cient
469 653 608 701 simulacra
620 654 668 701 sub
681 655 758 702 armis

71 751 98 794 et
110 759 179 792 nunc
192 751 265 804 terga
277 743 339 805 fuga
351 744 460 802 nudant,
475 757 544 789 nunc
557 743 657 804 spicula
670 751 771 792 vertunt

70 833 175 890 infensi,
191 832 259 881 sacta
271 832 367 894 pariter
380 846 449 879 nune
462 846 526 894 pace
540 831 663 879 feruntur.

72 930 101 969 ut
113 921 246 984 quondam
260 919 337 969 Creta
350 921 429 968 fertur
442 919 615 983 Labyrinthus
629 921 656 967 in
669 921 722 969 alta

71 1009 212 1073 parietibus
226 1018 323 1058 textum
336 1010 419 1058 caecis
432 1010 480 1057 iter
493 1008 683 1072 ancipitemque

0 1106 51 1149 90
72 1099 144 1147 mille
157 1099 203 1146 viis
216 1099 337 1146 habuisse
351 1098 448 1155 dolum,
465 1113 517 1159 qua
529 1097 604 1159 signa
616 1098 741 1160 sequendi

72 1186 175 1235 falleret
186 1188 355 1249 indeprensus
369 1193 394 1236 et
406 1186 580 1235 inremeabilis
594 1201 674 1246 error,

72 1275 142 1323 haud
156 1276 207 1324 alin
221 1275 350 1324 Teucrum
362 1276 416 1323 nati
437 1276 545 1336 vestigia
565 1291 639 1324 cursu

72 1364 209 1426 inpediunt
221 1372 362 1426 texuntque
375 1364 449 1425 fugas
463 1372 488 1412 et
501 1364 600 1426 proelia
613 1365 683 1424 lud0‚

74 1453 225 1515 delphinum
239 1452 335 1500 similes
350 1453 393 1514 qui
407 1468 453 1515 per
465 1453 547 1501 maria
559 1454 647 1502 umida
660 1454 747 1503 nando

16 1549 52 1591 95
74 1541 244 1604 Carpathium
268 1540 445 1603 Libycumque
468 1550 556 1591 secant
575 1541 731 1605 [luduntque
755 1558 800 1606 per

373 1630 479 1694 undas}

73 1719 143 1766 hunc
155 1733 253 1767 morem
266 1734 355 1767 cursus
375 1727 452 1781 atque
465 1720 529 1767 hacc
543 1721 683 1769 certamina
702 1721 799 1783 primus

72 1807 211 1865 Ascanius,
226 1807 346 1869 Longam
359 1809 438 1856 muris
452 1823 511 1856 cum
524 1809 638 1870 cingeret
650 1809 756 1872 Albam,

73 1896 172 1943 rettulit
184 1903 209 1944 et
221 1897 318 1958 priscos
332 1898 420 1945 docuit
433 1897 561 1946 celebrare
574 1897 691 1958 Latinos,

73 1999 127 2046 quo
139 1999 203 2046 puer
215 1985 269 2047 ipse
282 1986 369 2044 modo,
386 2001 473 2034 secum
486 2002 538 2048 quo
551 1987 631 2036 Troia
644 1987 723 2049 pubes
734 2004 740 2047 ;

48 2081 54 2117 t
73 2072 172 2121 Albani
186 2074 296 2122 docuere
309 2089 385 2133 su0s3
405 2074 466 2124 hinc
479 2076 593 2124 maxima
605 2091 682 2139 porro

74 2161 175 2224 accepit
186 2162 269 2210 Roma
282 2170 307 2211 et
319 2163 430 2224 patrium
444 2165 552 2212 servavit
565 2166 699 2223 honorem,

74 2249 205 2312 Troiaque
219 2265 296 2310 nunc,
312 2252 384 2314 pueri
397 2252 540 2300 Troianum
553 2253 647 2301 dicitnr
660 2267 762 2314 agmen.

74 2338 123 2386 hac
137 2339 266 2388 celebrata
279 2347 352 2387 tenus
366 2348 456 2388 sancto
469 2343 611 2390 certamina
623 2342 698 2405 patri.

111 2427 159 2475 llic
172 2428 284 2490 primurn
296 2428 411 2476 Fortuna
424 2430 500 2478 fidem
515 2437 614 2479 mutata
626 2431 738 2478 novavit.

78 2515 138 2563 dnm
151 2516 227 2564 variis
241 2518 340 2566 tumulo
353 2517 471 2568 referunt
482 2519 629 2569 saltamus
634 2517 727 2572 ludus,

82 2602 128 2650 'rim
142 2605 173 2653 de
186 2608 261 2657 caelo
275 2609 350 2661 misit
364 2609 500 2663 Saturnia
509 2610 587 2660 luna
