1808 2956
60 181 95 226 37
105 181 120 225 4
299 189 323 226 Ρ.
342 187 463 226 VEBGILI
483 186 614 225 MARONIS

164 344 244 392 Fama
257 344 327 390 volat
340 358 444 405 parvam
458 341 542 390 subito
556 342 662 403 volgata
676 357 723 404 per
736 343 826 392 urbem

60 439 110 481 555
131 433 202 481 ocius
215 433 252 480 ire
266 432 364 494 equites
377 431 504 493 Tyrrheni
518 431 550 477 ad
565 431 656 478 limina
669 430 750 493 regis.

129 531 190 570 vota
203 528 273 568 metu
286 520 420 582 duplicant
432 526 526 567 matres
540 519 699 581 propiusque
713 521 813 581 periclo

130 609 150 655 it
163 608 240 655 timor
253 617 277 656 et
289 609 372 656 maior
385 608 475 656 Martis
488 609 540 656 iarn
553 607 662 670 adparet
675 607 776 669 imago.

131 704 185 743 tum
199 705 271 759 pater
283 697 420 743 Euandrus
435 697 551 743 dextram
567 696 710 757 conplexus
724 697 811 744 euntis

130 785 227 844 haeret,
243 785 389 847 inexpletus
403 785 550 843 lacrimans,
566 799 597 832 ac
611 784 673 832 talia
688 784 768 832 fatur.

60 878 111 921 560
127 864 154 919 ‘0
168 873 230 920 mihi
245 873 395 935 praeteritos
410 873 504 920 referat
517 873 537 919 si
551 872 668 935 Iuppiter
683 886 779 930 annos,

131 963 215 1024 qualis
227 976 297 1009 eram
309 976 367 1009 cum
379 961 488 1023 primam
501 960 583 1008 aciem
592 960 732 1009 Praeneste
747 962 796 1009 sub
810 963 863 1025 ipsa

131 1051 208 1097 stravi
222 1056 405 1111 scutorumque
418 1049 521 1096 incendi
534 1049 615 1096 victor
627 1063 735 1097 acervos

131 1146 157 1185 et
168 1151 256 1198 regem
269 1138 317 1185 hac
330 1137 437 1184 Erulum
451 1137 541 1184 dextra
554 1137 600 1184 sub
614 1137 726 1185 Tartara
739 1139 810 1197 misi,

131 1225 245 1273 nascenti
264 1225 303 1272 cui
319 1225 363 1271 tris
382 1225 482 1272 animas
495 1224 607 1272 Feronia
619 1233 702 1273 mater
762 1289 763 1292 Ἴ

61 1319 111 1361 565
132 1312 301 1376 (horrendum
316 1313 397 1376 dictu)
411 1313 525 1371 dederat,
542 1320 614 1361 terna
627 1329 700 1362 arma
714 1316 846 1364 movenda

131 1402 182 1463 (ter
193 1400 258 1448 Leto
273 1401 424 1449 sternendus
438 1409 509 1459 erat;
530 1402 570 1449 cui
584 1408 638 1449 tum
652 1409 740 1450 tamen
756 1404 842 1451 omnis

132 1490 237 1538 abstulit
245 1490 308 1537 haec
316 1489 415 1538 animas
429 1491 520 1538 dextra
527 1498 553 1538 et
559 1490 667 1538 totidem
679 1492 753 1538 exuit
762 1492 861 1554 armis),

132 1594 184 1626 non
198 1593 246 1640 ego
260 1593 329 1626 nunc
343 1578 411 1625 dulci
426 1579 548 1641 amplexu
562 1579 697 1627 divellerer
711 1595 833 1642 usquam,

133 1676 202 1729 nate,
218 1674 272 1724 tuo,
287 1681 372 1728 neque
386 1666 495 1714 finitimo
509 1667 651 1714 Mezentius
665 1683 794 1730 umquam

62 1760 112 1804 570
132 1757 192 1804 huic
206 1755 424 1824 capitiinsultans
438 1762 477 1801 tot
489 1755 556 1802 ferro
570 1770 647 1804 saeva
660 1756 776 1804 dedisset

132 1845 230 1901 funera,
246 1851 299 1892 tam
312 1843 398 1891 multis
412 1843 542 1891 viduasset
555 1843 651 1891 civibus
666 1844 765 1892 urbem.

132 1939 159 1979 at
170 1947 223 1989 vos,
239 1946 255 1978 o
269 1932 363 1994 superi,
380 1939 404 1979 ct
418 1933 503 1978 divom
517 1939 543 1978 tu
557 1933 670 1980 maxime
682 1940 769 1981 rector

131 2020 254 2082 Iuppiter,
269 2020 385 2077 Arcadii,
402 2034 508 2082 quaeso,
524 2015 680 2068 miserescite
693 2022 762 2082 regis

133 2116 158 2156 et
170 2108 266 2170 patrias
280 2108 367 2155 audite
380 2123 484 2170 preces:
506 2109 526 2156 si
540 2109 648 2156 numina
661 2116 745 2156 vestra

62 2203 112 2247 575
133 2197 289 2244 incolumem
303 2196 423 2245 Pallanta
437 2196 509 2254 mihi,
525 2196 545 2243 si
560 2197 613 2244 sata
627 2207 767 2255 reservant,

133 2286 155 2333 si
167 2285 266 2332 visurus
281 2299 338 2332 eum
352 2285 408 2332 vivo
423 2292 448 2332 et
460 2293 581 2332 venturus
595 2285 621 2332 in
635 2299 724 2342 unum,

131 2374 209 2422 vitam
223 2388 278 2430 oro,
294 2374 379 2435 patior
392 2373 507 2434 quemvis
522 2373 614 2421 durinc
627 2373 761 2432 laborem3

132 2463 172 2509 sin
186 2463 300 2524 aliquem
312 2461 448 2508 infandum
458 2476 557 2519 casum,
573 2461 696 2520 Fortuna,
713 2463 831 2522 minaris,

135 2566 211 2608 nunc,
227 2564 296 2596 nunc
311 2565 325 2595 0
341 2550 416 2597 liccat
429 2549 558 2596 crudelem
574 2549 726 2611 abrumpere
739 2552 830 2610 vitam,

47 2645 103 2692 580
124 2641 185 2691 dum
201 2654 282 2691 curae
296 2638 449 2705 ambiguae,
467 2638 531 2686 dnm
543 2652 601 2699 spes
612 2638 715 2683 incerta
724 2639 820 2694 laturi,
