<?xml version="1.0" encoding="UTF-8"?>
<!DOCTYPE html PUBLIC "-//W3C//DTD XHTML 1.0 Transitional//EN"
    "http://www.w3.org/TR/xhtml1/DTD/xhtml1-transitional.dtd">
<html xmlns="http://www.w3.org/1999/xhtml" xml:lang="en" lang="en">
 <head>
  <title>
</title>
<meta http-equiv="Content-Type" content="text/html;charset=utf-8" />
  <meta name='ocr-system' content='tesseract 3.04.00' />
  <meta name='ocr-capabilities' content='ocr_page ocr_carea ocr_par ocr_line ocrx_word'/>
</head>
<body>
  <div class='ocr_page' id='page_1' title='image "./pvergiliusmaro00virggoog/pvergiliusmaro00virggoog_0447.png"; bbox 0 0 1808 2956; ppageno 0'>
   <div class='ocr_carea' id='block_1_1' title="bbox 67 169 622 214">
    <p class='ocr_par' dir='ltr' id='par_1_1' title="bbox 67 169 622 214">
     <span class='ocr_line' id='line_1_1' title="bbox 67 169 622 214; baseline -0.007 0"><span class='ocrx_word' id='word_1_1' title='bbox 67 171 83 214; x_wconf 84' lang='lat'>4</span> <span class='ocrx_word' id='word_1_2' title='bbox 91 169 128 214; x_wconf 80' lang='grc'>50</span> <span class='ocrx_word' id='word_1_3' title='bbox 306 174 331 213; x_wconf 82' lang='lat'>1‘.</span> <span class='ocrx_word' id='word_1_4' title='bbox 349 172 470 212; x_wconf 85' lang='lat' dir='ltr'>VERGILI</span> <span class='ocrx_word' id='word_1_5' title='bbox 490 171 622 212; x_wconf 78' lang='lat' dir='ltr'>MARONIS</span> 
     </span>
    </p>
   </div>
   <div class='ocr_carea' id='block_1_2' title="bbox 84 327 875 1102">
    <p class='ocr_par' dir='ltr' id='par_1_2' title="bbox 132 327 822 478">
     <span class='ocr_line' id='line_1_2' title="bbox 136 327 784 392; baseline -0.005 -13"><span class='ocrx_word' id='word_1_6' title='bbox 136 330 211 380; x_wconf 87' lang='lat' dir='ltr'>turba</span> <span class='ocrx_word' id='word_1_7' title='bbox 224 330 331 392; x_wconf 85' lang='lat' dir='ltr'>ducum)</span> <span class='ocrx_word' id='word_1_8' title='bbox 345 330 382 376; x_wconf 89' lang='lat' dir='ltr'>sic</span> <span class='ocrx_word' id='word_1_9' title='bbox 396 328 520 390; x_wconf 88' lang='lat' dir='ltr'>incipiens</span> <span class='ocrx_word' id='word_1_10' title='bbox 534 327 653 375; x_wconf 82' lang='lat' dir='ltr'><strong>hortatur</strong></span> <span class='ocrx_word' id='word_1_11' title='bbox 667 330 784 378; x_wconf 86' lang='lat' dir='ltr'>ovantis.</span> 
     </span>
     <span class='ocr_line' id='line_1_3' title="bbox 132 410 822 478; baseline -0.001 -11"><span class='ocrx_word' id='word_1_12' title='bbox 132 410 257 467; x_wconf 83' lang='lat' dir='ltr'>‘maxima</span> <span class='ocrx_word' id='word_1_13' title='bbox 270 433 310 466; x_wconf 89' lang='lat' dir='ltr'>res</span> <span class='ocrx_word' id='word_1_14' title='bbox 324 418 423 475; x_wconf 81' lang='lat' dir='ltr'>effecta,</span> <span class='ocrx_word' id='word_1_15' title='bbox 440 417 502 475; x_wconf 79' lang='lat' dir='ltr'>riri3</span> <span class='ocrx_word' id='word_1_16' title='bbox 522 417 601 464; x_wconf 89' lang='lat' dir='ltr'>timor</span> <span class='ocrx_word' id='word_1_17' title='bbox 614 417 700 464; x_wconf 88' lang='lat' dir='ltr'>omnis</span> <span class='ocrx_word' id='word_1_18' title='bbox 716 417 822 478; x_wconf 83' lang='lat' dir='ltr'>abesto,</span> 
     </span>
    </p>

    <p class='ocr_par' dir='ltr' id='par_1_3' title="bbox 86 505 875 926">
     <span class='ocr_line' id='line_1_4' title="bbox 86 505 875 572; baseline -0.003 -15"><span class='ocrx_word' id='word_1_19' title='bbox 86 515 114 557; x_wconf 84' lang='lat'>15</span> <span class='ocrx_word' id='word_1_20' title='bbox 136 509 205 572; x_wconf 90' lang='lat' dir='ltr'>qnod</span> <span class='ocrx_word' id='word_1_21' title='bbox 218 514 349 570; x_wconf 85' lang='lat' dir='ltr'>superest;</span> <span class='ocrx_word' id='word_1_22' title='bbox 364 506 428 554; x_wconf 87' lang='lat' dir='ltr'>haee</span> <span class='ocrx_word' id='word_1_23' title='bbox 441 512 500 552; x_wconf 88' lang='lat' dir='ltr'>sunt</span> <span class='ocrx_word' id='word_1_24' title='bbox 513 505 599 567; x_wconf 84' lang='lat' dir='ltr'>spolia</span> <span class='ocrx_word' id='word_1_25' title='bbox 611 511 636 553; x_wconf 92' lang='lat' dir='ltr'>et</span> <span class='ocrx_word' id='word_1_26' title='bbox 649 505 681 553; x_wconf 91' lang='lat' dir='ltr'>de</span> <span class='ocrx_word' id='word_1_27' title='bbox 689 520 755 568; x_wconf 81' lang='lat' dir='ltr'>rege</span> <span class='ocrx_word' id='word_1_28' title='bbox 764 509 875 571; x_wconf 89' lang='lat' dir='ltr'>superbo</span> 
     </span>
     <span class='ocr_line' id='line_1_5' title="bbox 136 593 806 661; baseline -0.001 -16"><span class='ocrx_word' id='word_1_29' title='bbox 136 597 264 661; x_wconf 80' lang='lat' dir='ltr'>primitiae</span> <span class='ocrx_word' id='word_1_30' title='bbox 276 594 447 657; x_wconf 88' lang='lat' dir='ltr'>manibusque</span> <span class='ocrx_word' id='word_1_31' title='bbox 460 593 523 641; x_wconf 90' lang='lat' dir='ltr'>meis</span> <span class='ocrx_word' id='word_1_32' title='bbox 536 593 680 641; x_wconf 81' lang='lat' dir='ltr'>Mezentius</span> <span class='ocrx_word' id='word_1_33' title='bbox 694 593 741 643; x_wconf 87' lang='lat' dir='ltr'>hic</span> <span class='ocrx_word' id='word_1_34' title='bbox 755 605 806 644; x_wconf 90' lang='lat' dir='ltr'>est.</span> 
     </span>
     <span class='ocr_line' id='line_1_6' title="bbox 136 681 797 744; baseline -0.003 -10"><span class='ocrx_word' id='word_1_35' title='bbox 136 702 205 734; x_wconf 91' lang='lat' dir='ltr'>nunc</span> <span class='ocrx_word' id='word_1_36' title='bbox 219 686 266 733; x_wconf 92' lang='lat' dir='ltr'>iter</span> <span class='ocrx_word' id='word_1_37' title='bbox 280 684 312 732; x_wconf 84' lang='lat' dir='ltr'>ad</span> <span class='ocrx_word' id='word_1_38' title='bbox 326 698 413 744; x_wconf 82' lang='lat' dir='ltr'>regem</span> <span class='ocrx_word' id='word_1_39' title='bbox 426 683 501 731; x_wconf 88' lang='lat' dir='ltr'>nobis</span> <span class='ocrx_word' id='word_1_40' title='bbox 514 697 656 743; x_wconf 87' lang='lat' dir='ltr'>murosque</span> <span class='ocrx_word' id='word_1_41' title='bbox 670 681 797 732; x_wconf 89' lang='lat' dir='ltr'>Latinos.</span> 
     </span>
     <span class='ocr_line' id='line_1_7' title="bbox 137 770 813 836; baseline -0.003 -13"><span class='ocrx_word' id='word_1_42' title='bbox 137 790 209 824; x_wconf 84' lang='lat' dir='ltr'>arma</span> <span class='ocrx_word' id='word_1_43' title='bbox 222 779 310 836; x_wconf 88' lang='lat' dir='ltr'>parate</span> <span class='ocrx_word' id='word_1_44' title='bbox 324 772 415 819; x_wconf 89' lang='lat' dir='ltr'>animis</span> <span class='ocrx_word' id='word_1_45' title='bbox 430 779 454 818; x_wconf 88' lang='lat' dir='ltr'>et</span> <span class='ocrx_word' id='word_1_46' title='bbox 466 786 511 833; x_wconf 88' lang='lat' dir='ltr'>spe</span> <span class='ocrx_word' id='word_1_47' title='bbox 524 770 682 832; x_wconf 84' lang='lat' dir='ltr'>praesumite</span> <span class='ocrx_word' id='word_1_48' title='bbox 696 770 813 832; x_wconf 90' lang='lat' dir='ltr'>bellum,</span> 
     </span>
     <span class='ocr_line' id='line_1_8' title="bbox 136 859 830 926; baseline 0.001 -16"><span class='ocrx_word' id='word_1_49' title='bbox 136 878 221 926; x_wconf 91' lang='lat' dir='ltr'>nequa</span> <span class='ocrx_word' id='word_1_50' title='bbox 235 876 308 910; x_wconf 88' lang='lat' dir='ltr'>mora</span> <span class='ocrx_word' id='word_1_51' title='bbox 321 861 435 922; x_wconf 78' lang='lat' dir='ltr'>ignaros,</span> <span class='ocrx_word' id='word_1_52' title='bbox 451 859 494 906; x_wconf 90' lang='lat' dir='ltr'>ubi</span> <span class='ocrx_word' id='word_1_53' title='bbox 508 859 620 922; x_wconf 91' lang='lat' dir='ltr'>primum</span> <span class='ocrx_word' id='word_1_54' title='bbox 633 859 733 909; x_wconf 87' lang='lat' dir='ltr'>vellere</span> <span class='ocrx_word' id='word_1_55' title='bbox 748 862 830 924; x_wconf 77' lang='lat' dir='ltr'>signa</span> 
     </span>
    </p>

    <p class='ocr_par' dir='ltr' id='par_1_4' title="bbox 84 949 779 1102">
     <span class='ocr_line' id='line_1_9' title="bbox 84 949 779 1012; baseline -0.003 -12"><span class='ocrx_word' id='word_1_56' title='bbox 84 959 117 1000; x_wconf 75' lang='lat'>20</span> <span class='ocrx_word' id='word_1_57' title='bbox 137 951 275 1000; x_wconf 82' lang='lat' dir='ltr'>adnuerint</span> <span class='ocrx_word' id='word_1_58' title='bbox 288 949 373 1012; x_wconf 87' lang='lat' dir='ltr'>superi</span> <span class='ocrx_word' id='word_1_59' title='bbox 387 949 534 1010; x_wconf 80' lang='lat' dir='ltr'>pubemque</span> <span class='ocrx_word' id='word_1_60' title='bbox 548 949 657 995; x_wconf 86' lang='lat' dir='ltr'>educere</span> <span class='ocrx_word' id='word_1_61' title='bbox 671 950 779 1010; x_wconf 78' lang='lat' dir='ltr'>cestrie,</span> 
     </span>
     <span class='ocr_line' id='line_1_10' title="bbox 136 1035 712 1102; baseline -0.009 -14"><span class='ocrx_word' id='word_1_62' title='bbox 136 1040 252 1102; x_wconf 83' lang='lat' dir='ltr'>inpediat</span> <span class='ocrx_word' id='word_1_63' title='bbox 265 1039 382 1099; x_wconf 81' lang='lat' dir='ltr'>segnisve</span> <span class='ocrx_word' id='word_1_64' title='bbox 395 1045 465 1084; x_wconf 89' lang='lat' dir='ltr'>metu</span> <span class='ocrx_word' id='word_1_65' title='bbox 478 1035 605 1084; x_wconf 87' lang='lat' dir='ltr'>sententia</span> <span class='ocrx_word' id='word_1_66' title='bbox 618 1036 712 1084; x_wconf 84' lang='lat' dir='ltr'>tardet.</span> 
     </span>
    </p>
   </div>
   <div class='ocr_carea' id='block_1_3' title="bbox 84 1126 873 1462">
    <p class='ocr_par' dir='ltr' id='par_1_5' title="bbox 136 1126 758 1187">
     <span class='ocr_line' id='line_1_11' title="bbox 136 1126 758 1187; baseline 0 -11"><span class='ocrx_word' id='word_1_67' title='bbox 136 1129 234 1176; x_wconf 87' lang='lat' dir='ltr'>interea</span> <span class='ocrx_word' id='word_1_68' title='bbox 247 1127 331 1174; x_wconf 90' lang='lat' dir='ltr'>socios</span> <span class='ocrx_word' id='word_1_69' title='bbox 345 1126 532 1187; x_wconf 78' lang='lat' dir='ltr'>inhumataque</span> <span class='ocrx_word' id='word_1_70' title='bbox 545 1139 655 1187; x_wconf 86' lang='lat' dir='ltr'>corpora</span> <span class='ocrx_word' id='word_1_71' title='bbox 669 1130 758 1176; x_wconf 90' lang='lat' dir='ltr'>terrae</span> 
     </span>
    </p>

    <p class='ocr_par' dir='ltr' id='par_1_6' title="bbox 137 1213 873 1276">
     <span class='ocr_line' id='line_1_12' title="bbox 137 1213 873 1276; baseline 0.003 -12"><span class='ocrx_word' id='word_1_72' title='bbox 137 1217 297 1273; x_wconf 85' lang='lat' dir='ltr'>mandemus,</span> <span class='ocrx_word' id='word_1_73' title='bbox 320 1214 364 1276; x_wconf 90' lang='lat' dir='ltr'>qui</span> <span class='ocrx_word' id='word_1_74' title='bbox 378 1216 447 1261; x_wconf 91' lang='lat' dir='ltr'>solus</span> <span class='ocrx_word' id='word_1_75' title='bbox 460 1213 543 1261; x_wconf 90' lang='lat' dir='ltr'>honos</span> <span class='ocrx_word' id='word_1_76' title='bbox 557 1213 707 1262; x_wconf 80' lang='lat' dir='ltr'>Acheronte</span> <span class='ocrx_word' id='word_1_77' title='bbox 721 1216 773 1264; x_wconf 92' lang='lat' dir='ltr'>sub</span> <span class='ocrx_word' id='word_1_78' title='bbox 783 1217 873 1266; x_wconf 82' lang='lat' dir='ltr'>imost</span> 
     </span>
    </p>

    <p class='ocr_par' dir='ltr' id='par_1_7' title="bbox 84 1293 833 1462">
     <span class='ocr_line' id='line_1_13' title="bbox 135 1293 833 1364; baseline 0.003 -11"><span class='ocrx_word' id='word_1_79' title='bbox 135 1295 188 1363; x_wconf 81' lang='lat' dir='ltr'>ite,&#39;</span> <span class='ocrx_word' id='word_1_80' title='bbox 202 1305 246 1362; x_wconf 87' lang='lat' dir='ltr'>ait,</span> <span class='ocrx_word' id='word_1_81' title='bbox 258 1293 387 1364; x_wconf 78' lang='lat' dir='ltr'>‘egregias</span> <span class='ocrx_word' id='word_1_82' title='bbox 402 1303 510 1360; x_wconf 83' lang='lat' dir='ltr'>animas,</span> <span class='ocrx_word' id='word_1_83' title='bbox 527 1316 593 1364; x_wconf 89' lang='lat' dir='ltr'>qnae</span> <span class='ocrx_word' id='word_1_84' title='bbox 606 1303 738 1363; x_wconf 79' lang='lat' dir='ltr'>sangnine</span> <span class='ocrx_word' id='word_1_85' title='bbox 754 1306 833 1355; x_wconf 88' lang='lat' dir='ltr'>nobis</span> 
     </span>
     <span class='ocr_line' id='line_1_14' title="bbox 84 1391 818 1462; baseline 0.004 -22"><span class='ocrx_word' id='word_1_86' title='bbox 84 1398 116 1440; x_wconf 80' lang='lat'>25</span> <span class='ocrx_word' id='word_1_87' title='bbox 137 1393 204 1440; x_wconf 89' lang='lat' dir='ltr'>hanc</span> <span class='ocrx_word' id='word_1_88' title='bbox 217 1391 328 1454; x_wconf 88' lang='lat' dir='ltr'>patriam</span> <span class='ocrx_word' id='word_1_89' title='bbox 340 1406 462 1462; x_wconf 79' lang='lat' dir='ltr'>peperere</span> <span class='ocrx_word' id='word_1_90' title='bbox 476 1406 531 1449; x_wconf 80' lang='lat' dir='ltr'>suo,</span> <span class='ocrx_word' id='word_1_91' title='bbox 548 1391 668 1438; x_wconf 86' lang='lat' dir='ltr'>decorate</span> <span class='ocrx_word' id='word_1_92' title='bbox 682 1395 818 1454; x_wconf 88' lang='lat' dir='ltr'>supremis</span> 
     </span>
    </p>
   </div>
   <div class='ocr_carea' id='block_1_4' title="bbox 84 1478 877 2705">
    <p class='ocr_par' dir='ltr' id='par_1_8' title="bbox 136 1478 874 1542">
     <span class='ocr_line' id='line_1_15' title="bbox 136 1478 874 1542; baseline 0.005 -14"><span class='ocrx_word' id='word_1_93' title='bbox 136 1481 283 1529; x_wconf 87' lang='lat' dir='ltr'>muneribus</span> <span class='ocrx_word' id='word_1_94' title='bbox 297 1488 473 1542; x_wconf 87' lang='lat' dir='ltr'>maestamque</span> <span class='ocrx_word' id='word_1_95' title='bbox 485 1479 600 1527; x_wconf 84' lang='lat' dir='ltr'>Euandri</span> <span class='ocrx_word' id='word_1_96' title='bbox 614 1478 714 1540; x_wconf 88' lang='lat' dir='ltr'>primus</span> <span class='ocrx_word' id='word_1_97' title='bbox 734 1484 770 1530; x_wconf 90' lang='lat' dir='ltr'>ad</span> <span class='ocrx_word' id='word_1_98' title='bbox 785 1484 874 1534; x_wconf 88' lang='lat' dir='ltr'>urbem</span> 
     </span>
    </p>

    <p class='ocr_par' dir='ltr' id='par_1_9' title="bbox 137 1567 774 1631">
     <span class='ocr_line' id='line_1_16' title="bbox 137 1567 774 1631; baseline 0.002 -13"><span class='ocrx_word' id='word_1_99' title='bbox 137 1571 252 1618; x_wconf 86' lang='lat' dir='ltr'>mittatur</span> <span class='ocrx_word' id='word_1_100' title='bbox 265 1569 362 1626; x_wconf 78' lang='lat' dir='ltr'>Pallas,</span> <span class='ocrx_word' id='word_1_101' title='bbox 379 1584 454 1631; x_wconf 91' lang='lat' dir='ltr'>quem</span> <span class='ocrx_word' id='word_1_102' title='bbox 468 1583 521 1615; x_wconf 91' lang='lat' dir='ltr'>non</span> <span class='ocrx_word' id='word_1_103' title='bbox 534 1567 633 1614; x_wconf 80' lang='lat' dir='ltr'>virtutis</span> <span class='ocrx_word' id='word_1_104' title='bbox 648 1576 774 1629; x_wconf 78' lang='lat' dir='ltr'>egentem</span> 
     </span>
    </p>

    <p class='ocr_par' dir='ltr' id='par_1_10' title="bbox 138 1651 753 1706">
     <span class='ocr_line' id='line_1_17' title="bbox 138 1651 753 1706; baseline -0.003 0"><span class='ocrx_word' id='word_1_105' title='bbox 138 1658 243 1706; x_wconf 86' lang='lat' dir='ltr'>abstulit</span> <span class='ocrx_word' id='word_1_106' title='bbox 256 1666 312 1705; x_wconf 86' lang='lat' dir='ltr'>atra</span> <span class='ocrx_word' id='word_1_107' title='bbox 325 1657 379 1705; x_wconf 90' lang='lat' dir='ltr'>dies</span> <span class='ocrx_word' id='word_1_108' title='bbox 393 1665 418 1705; x_wconf 89' lang='lat' dir='ltr'>ct</span> <span class='ocrx_word' id='word_1_109' title='bbox 430 1658 520 1706; x_wconf 79' lang='lat' dir='ltr'>funere</span> <span class='ocrx_word' id='word_1_110' title='bbox 533 1656 621 1704; x_wconf 86' lang='lat' dir='ltr'>mersit</span> <span class='ocrx_word' id='word_1_111' title='bbox 633 1651 753 1705; x_wconf 84' lang='lat' dir='ltr'>acerbo.³</span> 
     </span>
    </p>

    <p class='ocr_par' dir='ltr' id='par_1_11' title="bbox 173 1745 871 1808">
     <span class='ocr_line' id='line_1_18' title="bbox 173 1745 871 1808; baseline 0.003 -13"><span class='ocrx_word' id='word_1_112' title='bbox 173 1747 217 1795; x_wconf 81' lang='lat' dir='ltr'>sie</span> <span class='ocrx_word' id='word_1_113' title='bbox 229 1748 266 1796; x_wconf 89' lang='lat' dir='ltr'>ait</span> <span class='ocrx_word' id='word_1_114' title='bbox 276 1746 441 1794; x_wconf 85' lang='lat' dir='ltr'>inlacrimans</span> <span class='ocrx_word' id='word_1_115' title='bbox 450 1746 592 1808; x_wconf 89' lang='lat' dir='ltr'>recipitque</span> <span class='ocrx_word' id='word_1_116' title='bbox 598 1745 632 1793; x_wconf 90' lang='lat' dir='ltr'>ad</span> <span class='ocrx_word' id='word_1_117' title='bbox 640 1745 735 1793; x_wconf 87' lang='lat' dir='ltr'>limina</span> <span class='ocrx_word' id='word_1_118' title='bbox 743 1762 871 1808; x_wconf 81' lang='lat' dir='ltr'>gressum,</span> 
     </span>
    </p>

    <p class='ocr_par' dir='ltr' id='par_1_12' title="bbox 84 1833 814 1898">
     <span class='ocr_line' id='line_1_19' title="bbox 84 1833 814 1898; baseline 0.004 -15"><span class='ocrx_word' id='word_1_119' title='bbox 84 1840 118 1883; x_wconf 81' lang='lat'>30</span> <span class='ocrx_word' id='word_1_120' title='bbox 138 1850 231 1898; x_wconf 87' lang='lat' dir='ltr'>corpus</span> <span class='ocrx_word' id='word_1_121' title='bbox 244 1835 287 1883; x_wconf 93' lang='lat' dir='ltr'>ubi</span> <span class='ocrx_word' id='word_1_122' title='bbox 302 1835 414 1883; x_wconf 84' lang='lat' dir='ltr'>exanimi</span> <span class='ocrx_word' id='word_1_123' title='bbox 428 1835 540 1898; x_wconf 88' lang='lat' dir='ltr'>positum</span> <span class='ocrx_word' id='word_1_124' title='bbox 553 1833 680 1881; x_wconf 88' lang='lat' dir='ltr'>Pallantis</span> <span class='ocrx_word' id='word_1_125' title='bbox 694 1835 814 1886; x_wconf 79' lang='lat' dir='ltr'>Acoetes</span> 
     </span>
    </p>

    <p class='ocr_par' dir='ltr' id='par_1_13' title="bbox 137 1922 712 1984">
     <span class='ocr_line' id='line_1_20' title="bbox 137 1922 712 1984; baseline 0 -14"><span class='ocrx_word' id='word_1_126' title='bbox 137 1924 254 1973; x_wconf 85' lang='lat' dir='ltr'>servabat</span> <span class='ocrx_word' id='word_1_127' title='bbox 267 1924 361 1981; x_wconf 87' lang='lat' dir='ltr'>senior,</span> <span class='ocrx_word' id='word_1_128' title='bbox 378 1924 421 1984; x_wconf 92' lang='lat' dir='ltr'>qui</span> <span class='ocrx_word' id='word_1_129' title='bbox 435 1923 573 1971; x_wconf 85' lang='lat' dir='ltr'>Parrhasio</span> <span class='ocrx_word' id='word_1_130' title='bbox 587 1922 712 1970; x_wconf 87' lang='lat' dir='ltr'>Euandro</span> 
     </span>
    </p>

    <p class='ocr_par' dir='ltr' id='par_1_14' title="bbox 137 2010 747 2074">
     <span class='ocr_line' id='line_1_21' title="bbox 137 2010 747 2074; baseline 0 -16"><span class='ocrx_word' id='word_1_131' title='bbox 137 2012 249 2074; x_wconf 85' lang='lat' dir='ltr'>armiger</span> <span class='ocrx_word' id='word_1_132' title='bbox 261 2020 320 2061; x_wconf 91' lang='lat' dir='ltr'>aute</span> <span class='ocrx_word' id='word_1_133' title='bbox 333 2012 389 2070; x_wconf 86' lang='lat' dir='ltr'>fuit,</span> <span class='ocrx_word' id='word_1_134' title='bbox 404 2013 449 2060; x_wconf 88' lang='lat' dir='ltr'>sed</span> <span class='ocrx_word' id='word_1_135' title='bbox 463 2026 516 2058; x_wconf 92' lang='lat' dir='ltr'>non</span> <span class='ocrx_word' id='word_1_136' title='bbox 529 2010 646 2058; x_wconf 86' lang='lat' dir='ltr'>felicibus</span> <span class='ocrx_word' id='word_1_137' title='bbox 661 2025 747 2072; x_wconf 87' lang='lat' dir='ltr'>aeque</span> 
     </span>
    </p>

    <p class='ocr_par' dir='ltr' id='par_1_15' title="bbox 137 2097 792 2163">
     <span class='ocr_line' id='line_1_22' title="bbox 137 2097 792 2163; baseline 0.006 -17"><span class='ocrx_word' id='word_1_138' title='bbox 137 2106 191 2147; x_wconf 89' lang='lat' dir='ltr'>tum</span> <span class='ocrx_word' id='word_1_139' title='bbox 205 2115 290 2149; x_wconf 90' lang='lat' dir='ltr'>comes</span> <span class='ocrx_word' id='word_1_140' title='bbox 304 2101 425 2163; x_wconf 85' lang='lat' dir='ltr'>auspiciis</span> <span class='ocrx_word' id='word_1_141' title='bbox 439 2116 499 2148; x_wconf 89' lang='lat' dir='ltr'>caro</span> <span class='ocrx_word' id='word_1_142' title='bbox 513 2100 588 2147; x_wconf 90' lang='lat' dir='ltr'>datus</span> <span class='ocrx_word' id='word_1_143' title='bbox 601 2097 656 2146; x_wconf 89' lang='lat' dir='ltr'>ibat</span> <span class='ocrx_word' id='word_1_144' title='bbox 668 2098 792 2150; x_wconf 88' lang='lat' dir='ltr'>alumno.</span> 
     </span>
    </p>

    <p class='ocr_par' dir='ltr' id='par_1_16' title="bbox 84 2186 877 2327">
     <span class='ocr_line' id='line_1_23' title="bbox 138 2186 877 2252; baseline -0.003 -15"><span class='ocrx_word' id='word_1_145' title='bbox 138 2189 233 2237; x_wconf 86' lang='lat' dir='ltr'>circum</span> <span class='ocrx_word' id='word_1_146' title='bbox 241 2190 325 2237; x_wconf 88' lang='lat' dir='ltr'>omnis</span> <span class='ocrx_word' id='word_1_147' title='bbox 334 2189 511 2252; x_wconf 87' lang='lat' dir='ltr'>famulumque</span> <span class='ocrx_word' id='word_1_148' title='bbox 519 2186 793 2251; x_wconf 84' lang='lat' dir='ltr'>manusTroienaque</span> <span class='ocrx_word' id='word_1_149' title='bbox 800 2192 877 2240; x_wconf 71' lang='lat' dir='ltr'>turba</span> 
     </span>
     <span class='ocr_line' id='line_1_24' title="bbox 84 2276 776 2327; baseline 0.004 -2"><span class='ocrx_word' id='word_1_150' title='bbox 84 2283 116 2325; x_wconf 88' lang='lat'>35</span> <span class='ocrx_word' id='word_1_151' title='bbox 137 2286 162 2325; x_wconf 90' lang='lat' dir='ltr'>et</span> <span class='ocrx_word' id='word_1_152' title='bbox 174 2285 299 2327; x_wconf 87' lang='lat' dir='ltr'>maestum</span> <span class='ocrx_word' id='word_1_153' title='bbox 313 2278 407 2326; x_wconf 85' lang='lat' dir='ltr'>Iliades</span> <span class='ocrx_word' id='word_1_154' title='bbox 421 2278 518 2326; x_wconf 86' lang='lat' dir='ltr'>crinem</span> <span class='ocrx_word' id='word_1_155' title='bbox 532 2276 647 2324; x_wconf 88' lang='lat' dir='ltr'>demere</span> <span class='ocrx_word' id='word_1_156' title='bbox 661 2276 776 2327; x_wconf 88' lang='lat' dir='ltr'>solutae.</span> 
     </span>
    </p>

    <p class='ocr_par' dir='ltr' id='par_1_17' title="bbox 138 2364 716 2423">
     <span class='ocr_line' id='line_1_25' title="bbox 138 2364 716 2423; baseline -0.007 -9"><span class='ocrx_word' id='word_1_157' title='bbox 138 2374 165 2415; x_wconf 91' lang='lat' dir='ltr'>ut</span> <span class='ocrx_word' id='word_1_158' title='bbox 178 2382 237 2415; x_wconf 83' lang='lat' dir='ltr'>vero</span> <span class='ocrx_word' id='word_1_159' title='bbox 250 2369 353 2416; x_wconf 85' lang='lat' dir='ltr'>Aeneas</span> <span class='ocrx_word' id='word_1_160' title='bbox 367 2367 465 2414; x_wconf 83' lang='lat' dir='ltr'>foribus</span> <span class='ocrx_word' id='word_1_161' title='bbox 478 2380 533 2414; x_wconf 89' lang='lat' dir='ltr'>sese</span> <span class='ocrx_word' id='word_1_162' title='bbox 547 2364 635 2412; x_wconf 90' lang='lat' dir='ltr'>intulit</span> <span class='ocrx_word' id='word_1_163' title='bbox 647 2364 716 2423; x_wconf 86' lang='lat' dir='ltr'>altis,</span> 
     </span>
    </p>

    <p class='ocr_par' dir='ltr' id='par_1_18' title="bbox 137 2453 758 2518">
     <span class='ocr_line' id='line_1_26' title="bbox 137 2453 758 2518; baseline -0.003 -15"><span class='ocrx_word' id='word_1_164' title='bbox 137 2456 268 2518; x_wconf 82' lang='lat' dir='ltr'>ingentem</span> <span class='ocrx_word' id='word_1_165' title='bbox 281 2456 406 2517; x_wconf 80' lang='lat' dir='ltr'>gemitum</span> <span class='ocrx_word' id='word_1_166' title='bbox 419 2455 500 2503; x_wconf 91' lang='lat' dir='ltr'>tunsis</span> <span class='ocrx_word' id='word_1_167' title='bbox 514 2455 546 2502; x_wconf 89' lang='lat' dir='ltr'>ad</span> <span class='ocrx_word' id='word_1_168' title='bbox 561 2453 645 2500; x_wconf 86' lang='lat' dir='ltr'>sidera</span> <span class='ocrx_word' id='word_1_169' title='bbox 658 2453 758 2501; x_wconf 88' lang='lat' dir='ltr'>tollunt</span> 
     </span>
    </p>

    <p class='ocr_par' dir='ltr' id='par_1_19' title="bbox 138 2542 750 2608">
     <span class='ocr_line' id='line_1_27' title="bbox 138 2542 750 2608; baseline -0.007 -15"><span class='ocrx_word' id='word_1_170' title='bbox 138 2545 285 2608; x_wconf 86' lang='lat' dir='ltr'>pectoribus</span> <span class='ocrx_word' id='word_1_171' title='bbox 297 2552 447 2605; x_wconf 87' lang='lat' dir='ltr'>maestoque</span> <span class='ocrx_word' id='word_1_172' title='bbox 460 2542 571 2603; x_wconf 84' lang='lat' dir='ltr'>inmugit</span> <span class='ocrx_word' id='word_1_173' title='bbox 584 2542 655 2602; x_wconf 85' lang='lat' dir='ltr'>regia</span> <span class='ocrx_word' id='word_1_174' title='bbox 668 2542 750 2590; x_wconf 92' lang='lat' dir='ltr'>luctu.</span> 
     </span>
    </p>

    <p class='ocr_par' dir='ltr' id='par_1_20' title="bbox 127 2629 727 2705">
     <span class='ocr_line' id='line_1_28' title="bbox 127 2629 727 2705; baseline -0.02 -19"><span class='ocrx_word' id='word_1_175' title='bbox 127 2637 194 2704; x_wconf 85' lang='lat' dir='ltr'>ipse,</span> <span class='ocrx_word' id='word_1_176' title='bbox 213 2646 293 2705; x_wconf 85' lang='lat' dir='ltr'>caput</span> <span class='ocrx_word' id='word_1_177' title='bbox 308 2634 377 2685; x_wconf 85' lang='lat' dir='ltr'>nivei</span> <span class='ocrx_word' id='word_1_178' title='bbox 391 2629 628 2682; x_wconf 62' lang='lat' dir='ltr'>initumiatiam&#39;rs</span> <span class='ocrx_word' id='word_1_179' title='bbox 639 2635 667 2674; x_wconf 70' lang='lat' dir='ltr'>ct</span> <span class='ocrx_word' id='word_1_180' title='bbox 677 2643 727 2674; x_wconf 73' lang='lat' dir='ltr'>nra</span> 
     </span>
    </p>
   </div>
   <div class='ocr_carea' id='block_1_5' title="bbox 0 0 908 2956">
    <p class='ocr_par' dir='ltr' id='par_1_21' title="bbox 0 0 908 2956">
     <span class='ocr_line' id='line_1_29' title="bbox 0 0 908 2956; baseline 0 0"><span class='ocrx_word' id='word_1_181' title='bbox 0 0 908 2956; x_wconf 95' lang='lat' dir='ltr'> </span> 
     </span>
    </p>
   </div>
  </div>
 </body>
</html>
