1808 2956
351 140 471 182 ECLOGA
490 144 520 184 X.
793 137 828 184 37

103 286 200 356 ‘Galle
218 298 279 360 quid
292 290 417 346 insanisi'
429 299 520 361 inquit.
544 289 600 348 ‘tua
612 316 674 349 cura
685 301 792 364 Lycoris

106 386 281 448 perquenives
294 386 373 433 alium
385 401 481 449 perque
493 388 598 436 horrida
609 398 693 438 castra
703 383 830 438 secutast.¹

105 473 176 522 venit
188 481 214 522 et
226 474 320 535 agresti
335 475 425 536 capitis
439 474 557 523 Silvanus
571 476 678 536 honore,

56 567 86 608 25
105 561 220 610 florentis
233 562 328 610 ferulas
342 569 366 609 et
379 563 488 624 grandia
500 565 556 612 lilia
569 580 702 626 quassans.

105 649 162 697 Pan
176 650 239 697 deus
252 650 381 698 Arcadiae
394 651 470 710 venit,
487 667 564 714 quem
578 652 687 700 vidimus
700 653 749 715 ipsi

105 738 255 800 sanguineis
269 738 337 786 ebuli
350 738 420 786 bacis
433 740 565 802 minioque
578 740 724 788 rubentem:

101 817 202 888 ‘ecquis
213 827 262 874 en't
274 819 390 874 modusl'
401 828 493 890 inquit.
515 819 608 876 ‘Amor
614 829 738 877 nontalia
745 836 829 877 curat:

105 929 154 962 nec
167 915 280 963 lacrimis
294 916 404 963 crudelis
416 917 499 964 Amor
512 931 559 965 nec
571 917 690 978 gramina
702 917 761 964 rivis

56 1007 86 1049 30
105 1018 154 1051 nec
167 1003 248 1064 cytiso
261 1010 409 1051 saturantur
422 1020 482 1067 apes
496 1020 543 1053 nec
556 1005 647 1054 fronde
661 997 797 1068 capellae’

105 1091 184 1138 tristis
198 1097 225 1138 at
236 1091 281 1139 ille
292 1092 387 1140 ‘lamen
401 1094 546 1151 cantabitis,
561 1085 683 1142 Arcades²
696 1094 788 1156 inquit,

102 1167 244 1226 ‘montibus
257 1179 321 1228 haec
334 1181 431 1240 vestris,
447 1183 495 1229 soli
509 1190 612 1230 cantare
625 1182 700 1244 periti

104 1267 230 1315 Arcades.
271 1282 285 1314 o
302 1269 366 1316 mihi
384 1275 437 1316 tum
455 1284 533 1331 quam
550 1270 663 1317 molliter
676 1284 734 1316 ossa
748 1269 832 1331 quies·

409 1363 476 1415 eant,

106 1448 190 1490 vestra
203 1458 273 1492 meos
287 1444 350 1492 olim
363 1444 383 1491 si
397 1444 482 1492 fistule
495 1445 564 1492 dieat
580 1444 695 1492 amoresl

56 1535 86 1578 35
107 1537 185 1593 atque
198 1531 297 1579 utinam
310 1545 343 1579 ex
354 1531 425 1579 vobis
439 1547 505 1580 unus
518 1533 644 1594 vestrique
657 1530 761 1579 fuissem

106 1627 152 1667 aut
165 1627 249 1666 custos
263 1619 348 1681 gregis
362 1627 406 1667 aut
418 1626 532 1668 maturae
546 1620 639 1666 vinitor
651 1633 723 1666 uvae.

107 1715 174 1755 certe
188 1707 239 1755 sive
253 1707 316 1754 mihi
329 1707 426 1769 Phyllis
440 1709 492 1756 sive
505 1714 571 1755 esset
582 1709 709 1768 Amyntas

106 1810 152 1843 seu
166 1796 321 1858 quicumque
333 1796 404 1843 furor
415 1795 489 1859 (quid
497 1803 560 1853 tum,
570 1795 683 1842 silusous
692 1793 832 1856 Amyntas?

106 1891 132 1932 et
144 1883 234 1945 nigrae
247 1885 330 1932 violae
343 1890 403 1931 sunt
415 1892 440 1932 et
451 1883 568 1931 vaccinia
582 1882 667 1945 nigra)

56 1978 87 2019 40
106 1987 209 2020 mecum
222 1971 288 2020 inter
300 1973 390 2020 salices
403 1972 473 2020 lenta
486 1971 532 2018 sub
546 1971 596 2018 vite
608 1972 719 2028 iaceret3

105 2066 176 2108 serta
188 2060 252 2107 mihi
265 2060 363 2122 Phyllis
376 2061 480 2122 legeret,
497 2065 612 2106 cantaret
623 2060 759 2118 Amyntas.

107 2147 150 2196 hic
165 2148 245 2209 gelidi
259 2148 350 2206 fontes,
367 2148 409 2195 hic
421 2147 512 2195 mollia
524 2153 606 2209 prata,
622 2145 724 2206 Lycori,

107 2235 151 2284 hic
164 2251 254 2284 nemus
265 2253 271 2293 ;
286 2236 328 2285 hic
341 2236 397 2298 ipso
410 2241 495 2284 tecum
508 2248 671 2282 consumerer
685 2248 756 2280 aevo.

107 2338 179 2371 nunc
192 2324 298 2372 insanus
313 2339 385 2372 amor
398 2323 454 2371 duri
468 2337 508 2371 mc
521 2322 610 2369 Martis
623 2322 649 2368 in
664 2321 741 2368 armis

60 2417 90 2460 45
110 2412 163 2460 tela
176 2412 242 2460 inter
255 2413 340 2460 media
353 2419 429 2474 atque
443 2412 561 2459 adversos
576 2409 672 2457 detinet
685 2409 784 2457 hostes:

110 2508 136 2547 tu
151 2500 241 2562 procul
255 2516 271 2547 a
283 2499 366 2562 patria
379 2498 439 2562 (nee
452 2499 485 2545 sit
497 2498 560 2544 milri
574 2497 676 2545 credere
690 2497 803 2557 tantum)

110 2588 211 2650 alpinas
224 2603 248 2646 a,
266 2588 339 2647 dura,
355 2587 424 2634 nives
437 2593 462 2634 et
474 2586 572 2649 frigora
584 2585 675 2634 Riiem
