1808 2956
62 162 122 211 508
299 172 324 210 e.
343 171 464 212 venerer
485 171 617 212 uanorus

130 328 276 376 discurrunt
289 328 334 375 alii
348 328 379 375 ad
394 335 482 391 portas
495 329 645 391 primosque
658 330 797 390 trucidant,

129 416 225 464 ferrum
238 417 282 465 alii
296 423 417 479 torquent
431 424 455 464 et
468 417 624 464 obumbrant
636 419 743 467 aethera
756 419 819 468 telis.

130 505 184 568 ipse
197 505 264 553 inter
276 505 373 568 primos
388 506 504 554 dextram
518 506 563 553 sub
578 507 682 554 moenia
696 507 779 555 tendit

59 598 110 642 580
129 596 232 642 Aeneas
245 609 392 656 magnaque
405 594 507 642 incusat
519 609 581 642 voce
593 595 718 642 Latinum

131 689 288 744 testaturque
303 683 363 730 deos
377 683 469 730 iterum
482 697 509 730 se
523 684 555 730 ad
568 683 669 746 proelia
682 685 751 746 cogi,

130 771 168 819 bis
195 771 247 818 iarn
272 770 351 818 Italos
371 771 468 830 hostis,
496 772 560 820 hacc
584 772 636 819 iam
656 772 739 820 altera
757 771 826 820 foede

311 845 313 848 ‚
431 860 523 922 rumpi.

130 948 245 996 exoritur
259 950 371 1012 trepidos
385 949 451 997 inter
465 949 593 997 discordia
606 949 680 997 civis:

130 1036 220 1084 urbem
234 1037 277 1085 alii
293 1052 405 1086 reserare
417 1037 506 1085 iubent
520 1044 545 1086 et
557 1038 671 1100 pandere
684 1047 772 1101 portas

61 1129 110 1172 585
131 1124 289 1174 Dardanidis
302 1127 437 1188 ipsumque
451 1126 556 1174 trahunt
568 1127 595 1173 in
608 1128 714 1175 moenia
727 1142 824 1189 regem3

130 1228 202 1262 arma
215 1214 300 1262 ferunt
313 1215 357 1262 alii
371 1223 395 1263 et
408 1222 519 1277 pergunt
532 1215 669 1264 defendere
681 1231 783 1264 muros:

130 1302 242 1350 inclusas
256 1310 284 1350 ut
297 1319 355 1351 cum
368 1304 498 1352 latebroso
511 1304 538 1351 iu
552 1305 653 1366 pumice
666 1313 756 1367 pastor

129 1391 263 1453 vestigavit
276 1407 336 1455 apes
350 1392 473 1455 fumoque
486 1393 592 1455 inplevit
606 1408 705 1451 amaro,

129 1479 190 1528 illae
202 1480 270 1528 intus
285 1481 399 1543 trepidae
412 1497 497 1530 rerum
510 1497 556 1544 per
570 1496 643 1531 cerea
657 1489 743 1530 castra

59 1572 110 1616 500
130 1568 277 1616 discurrunt
290 1571 442 1633 magnisque
456 1578 551 1618 acuout
563 1571 716 1619 stridoribus
730 1571 790 1629 iras,

129 1658 239 1705 volvitur
252 1666 306 1707 ater
319 1659 384 1707 odor
396 1659 478 1718 tectis,
494 1666 548 1707 tum
561 1674 692 1707 murmure
706 1675 784 1708 caeco

129 1745 198 1794 intus
212 1762 276 1796 saxa
287 1755 390 1806 sonant,
405 1763 500 1797 vacuas
513 1748 533 1795 it
546 1748 630 1795 sumus
644 1749 677 1796 ad
691 1763 776 1797 00000.

165 1836 269 1884 Accidit
281 1835 345 1884 haec
358 1837 430 1884 fessis
444 1836 520 1884 etiam
533 1837 638 1884 fortuna
650 1836 761 1896 Latinis,

130 1939 196 1987 quae
210 1931 291 1974 totam
304 1925 374 1973 luctu
388 1925 518 1973 concussit
531 1925 645 1972 funditus
661 1924 760 1973 urbem.

60 2017 109 2060 595
130 2013 220 2074 regina
233 2020 261 2060 ut
274 2013 346 2061 tectis
360 2013 503 2061 venientem
516 2013 641 2077 prospicit
652 2013 764 2073 hostem,

129 2101 221 2150 incessi
236 2117 331 2160 muros,
347 2102 414 2164 ignis
427 2104 460 2151 ad
474 2110 541 2150 tecta
554 2103 649 2160 volare,

130 2204 258 2251 nusquam
269 2191 335 2239 acies
347 2191 560 2249 eontraltutulas‚
572 2191 645 2238 nulla
656 2191 828 2251 agminaTurr

129 2278 221 2326 infelix
233 2294 336 2342 pugnae
349 2279 467 2328 iuvenem
480 2279 506 2326 iu
521 2279 660 2327 certamine
674 2280 757 2327 credit

132 2368 273 2415 extinctum
287 2375 320 2426 et,
336 2368 420 2415 subito
435 2376 546 2416 mentem
560 2368 662 2416 turbata
675 2368 776 2428 dolore,

61 2461 111 2504 600
131 2469 159 2503 00
172 2471 277 2505 causam
291 2455 385 2503 clamat
398 2456 547 2518 crimenque
560 2464 688 2519 caputque
702 2457 827 2505 malorum

129 2545 263 2610 multaque
276 2558 321 2609 per
334 2552 460 2593 maestum
474 2546 579 2594 demens
593 2545 671 2592 effata
683 2545 807 2606 furorem,

116 2653 271 2706 purpureos
286 2638 417 2691 moritura
429 2652 514 2688 uranu
526 2634 650 2684 0000000
658 2634 769 2681 amictus
