1808 2956
329 133 449 173 ECLOGA
469 133 531 171 VIII.
789 121 826 167 29

137 292 223 354 incipe
236 291 380 339 Maenalios
393 304 503 347 mecum,
518 303 577 336 mea
589 289 661 349 tibia,
676 305 772 338 versus.

100 381 236 429 Maenalus
255 386 426 440 argutumque
443 393 532 426 nemus
549 379 676 442 pinosque
693 380 828 442 loquentes

102 484 204 532 semper
216 468 308 527 habet,
328 482 429 530 semper
442 472 574 529 pastorum
587 468 631 516 ille
644 469 716 515 audit
729 480 829 515 amores

103 559 228 621 Panaque
242 557 285 619 qui
300 557 396 618 primus
410 557 524 604 calamos
537 571 589 603 non
603 571 693 618 passus
706 556 809 604 inertes.

56 653 82 695 25
138 647 224 708 incipe
236 645 380 694 Maenalios
392 629 502 704 mecum,
518 659 575 692 mea
589 644 660 703 tibia,
678 659 772 692 versus.

102 737 195 797 Mopso
208 734 271 782 Nisa
284 734 372 781 datur:
395 733 456 796 quid
470 748 522 780 non
535 748 666 797 speremus
680 731 811 779 amantes?

103 825 243 884 iungentur
254 822 306 869 iam
319 837 411 884 grypes
425 822 497 884 equis
512 837 626 884 aevoque
642 820 758 882 sequenti

103 927 162 960 cum
175 911 281 959 canibus
295 911 377 958 timidi
390 911 493 958 venient
505 911 537 957 ad
551 911 646 972 pocula
659 911 786 957 dammae.

103 1001 203 1062 Mopse,
218 1013 297 1046 novas
311 999 395 1047 incide
409 999 494 1058 faces3
514 999 559 1046 tibi
573 999 675 1047 ducitur
687 1013 768 1045 uxor:

56 1094 212 1152 adsparge,
246 1088 351 1146 marite,
384 1102 479 1146 nuces;
511 1087 557 1134 tibi
583 1088 676 1135 deserit
701 1087 830 1149 Hesperus

406 1174 507 1224 Oetam.

140 1264 226 1327 incipe
238 1264 382 1312 Maenalios
396 1279 505 1322 mecum,
521 1279 578 1312 mea
591 1263 662 1321 tibia,
677 1277 772 1310 versus.

105 1368 121 1400 o
135 1353 215 1414 digno
229 1353 366 1400 coniuncta
378 1352 442 1411 viro,
458 1353 519 1399 dum
532 1352 641 1415 despicis
654 1365 743 1399 omnes

106 1443 219 1503 dumque
233 1440 278 1487 tibi
292 1448 330 1488 est
343 1440 404 1488 odio
417 1455 475 1488 mea
487 1440 573 1488 fistula
586 1441 699 1502 dumque
716 1439 831 1501 capellae

106 1529 283 1590 hirsutumque
296 1529 461 1590 supercilium
474 1529 651 1591 promissaque
664 1527 745 1575 barba

56 1623 86 1666 35
105 1633 154 1666 nec
168 1632 257 1665 curare
270 1617 346 1664 deum
360 1618 441 1664 credis
454 1618 575 1665 mortalia
587 1631 752 1680 quemquam.

141 1705 226 1767 incipe
238 1705 382 1753 Maenalios
395 1720 504 1764 mecum,
520 1721 578 1754 mea
590 1705 662 1763 tibia,
677 1719 772 1752 versus.

105 1793 225 1856 saepibus
238 1793 265 1840 in
278 1794 372 1841 nostris
385 1809 490 1856 parvam
502 1800 527 1842 te
540 1794 641 1842 roseida
656 1794 726 1840 mala

106 1882 172 1944 (dux
185 1896 234 1943 ego
247 1890 329 1930 vester
342 1882 423 1944 cram)
437 1882 488 1929 vidi
502 1897 561 1930 cum
573 1889 655 1931 matre
668 1883 805 1942 legentem.

107 1971 173 2018 alter
186 1969 218 2017 ab
232 1970 369 2018 undecimo
382 1977 437 2017 tum
450 1985 490 2018 me
503 1971 556 2018 iam
569 1976 703 2032 acceperat
716 1983 807 2027 annus,

56 2063 87 2105 40
106 2059 159 2105 iam
172 2057 271 2119 fragilis
284 2065 401 2120 poteram
414 2058 445 2105 ab
459 2065 527 2106 terra
539 2059 687 2120 contingere
700 2072 794 2105 ramos.

106 2153 136 2194 ut
149 2146 209 2204 vidi,
225 2153 254 2194 ut
265 2147 345 2209 perii!
365 2153 394 2194 ut
406 2162 446 2195 me
460 2147 543 2194 malus
557 2146 662 2194 abstulit
674 2146 759 2193 error!

142 2234 228 2297 incipe
241 2235 384 2284 Maenalios
397 2250 507 2294 mecum,
522 2234 664 2293 mantilia,
679 2249 774 2282 versus.

106 2337 178 2371 nunc
190 2322 244 2370 scio
258 2324 320 2385 quid
333 2324 366 2371 sit
378 2324 469 2372 Amor.
498 2323 567 2370 duris
581 2323 608 2370 in
622 2322 721 2370 cotibus
734 2323 809 2371 illum

107 2418 153 2460 aut
165 2411 275 2460 Tmaros
293 2419 338 2460 aut
349 2412 475 2474 Rhodope
488 2417 533 2458 aut
545 2411 651 2459 extremi
665 2409 833 2459 Garamantes

56 2505 87 2549 45
106 2515 156 2550 nec
169 2500 270 2562 generis
284 2500 364 2547 nostri
377 2514 485 2562 puerum
497 2513 545 2548 nec
558 2500 690 2560 sanguinis
703 2501 790 2547 edunt.

143 2588 230 2651 incipe
243 2588 387 2636 Maenalios
399 2602 509 2645 mecum,
524 2602 583 2635 mea
595 2587 670 2645 tibia„
682 2601 787 2634 *sersus¹
