1808 2956
71 165 132 214 236
310 173 337 212 r.
354 173 475 212 vraarur
495 174 626 214 utacum

69 337 121 380 395
140 333 335 394 multagemens
343 345 490 393 magnoque
498 331 764 380 animumlabesactus
772 351 873 395 amore,

140 421 212 469 iussa
224 428 311 468 tamen
325 420 410 466 divom
423 420 560 481 exequitur
574 420 735 482 classemque
750 425 849 473 rcrisit.

140 516 195 557 tum
207 524 267 558 vero
280 508 374 557 Teucri
388 507 541 555 incumbunt
553 517 578 556 et
591 510 666 557 litore
680 510 763 558 celsas

140 599 271 647 deducunt
283 605 337 645 toto
351 597 431 644 navis.
460 604 533 644 natat
544 606 623 645 uncta
636 598 724 645 camna

140 686 337 748 frondentisque
350 686 436 734 ferunt
449 700 532 733 remos
547 693 572 734 et
585 687 680 734 robora
692 688 763 735 silvis

58 780 120 822 ’400
140 774 294 822 infabricata
306 775 383 835 fugae
396 775 491 821 studio.

139 864 274 926 migrantis
288 877 378 911 cernas
392 870 497 925 totaque
510 877 542 911 ex
555 863 618 911 urbe
631 865 736 920 ruentia,

139 967 170 1001 ac
182 954 253 1001 velut
264 952 395 1012 ingentem
409 951 532 999 formicae
546 952 620 999 farris
634 967 751 1001 acervom

138 1056 197 1089 cum
210 1041 338 1104 populant
350 1040 441 1087 hiemis
452 1055 578 1089 memores
591 1050 710 1104 tectoque
724 1056 870 1106 reponunt3

138 1129 159 1177 it
171 1129 274 1191 nigrum
288 1128 385 1190 campis
400 1143 493 1189 agmen
506 1131 680 1193 praedamque
694 1147 739 1194 per
752 1132 850 1184 herbas

67 1224 118 1267 405
139 1224 292 1266 convectant
304 1216 370 1265 calle
383 1225 502 1278 anguste,
518 1234 577 1282 pars
590 1220 700 1281 grandia
713 1222 823 1270 trudunt

138 1307 250 1354 obnixae
263 1306 392 1353 frumenta
404 1308 508 1366 umeris,
525 1323 583 1370 pars
597 1309 702 1370 agmina
715 1319 815 1370 cogunt

138 1395 317 1456 castigantque
330 1410 425 1454 moram,
442 1411 520 1458 opere
533 1398 617 1444 omnis
631 1398 722 1445 semita
736 1399 824 1447 servet.

138 1485 195 1548 quis
208 1484 254 1532 tibi
268 1491 331 1543 tum,
346 1484 425 1542 Dido,
441 1486 555 1533 cernenti
569 1486 633 1534 talia
645 1487 749 1534 sensus!

137 1589 233 1636 quosve
247 1573 326 1621 dabas
339 1574 459 1635 gemitus,
476 1589 535 1622 cum
548 1574 625 1622 litora
638 1574 733 1622 fervere
747 1575 799 1623 late

65 1668 116 1710 410
137 1663 296 1726 prospiceres
310 1677 368 1711 arce
382 1677 414 1710 cx
427 1678 528 1710 summa
540 1669 674 1725 totumque
688 1663 786 1711 videres

135 1752 236 1800 misceri
251 1759 310 1799 ante
324 1753 414 1799 oculos
428 1752 506 1799 tantis
521 1752 676 1799 clamoribus
690 1753 803 1813 aequor!

135 1840 244 1903 inprobe
257 1842 348 1899 Amor,
364 1840 426 1902 quid
440 1855 493 1887 non
506 1841 627 1887 mortalia
639 1849 744 1903 pectora
758 1843 845 1903 cogisl

134 1929 171 1976 ire
184 1929 277 1977 iterum
290 1929 317 1976 in
331 1930 465 1988 lacrimas,
487 1930 579 1978 iterum
593 1936 718 1990 temptare
731 1933 865 1990 precando

135 2017 236 2079 cogitur
249 2025 273 2065 et
285 2019 396 2081 supplex
409 2019 510 2065 animos
523 2017 673 2066 submittere
686 2016 776 2074 amori,

62 2110 114 2153 415
134 2106 230 2168 nequid
243 2107 405 2169 inexpertum
419 2107 513 2154 frustra
524 2105 649 2153 moritura
661 2105 800 2166 relinquat.

166 2184 264 2255 ‘Anna
279 2196 349 2244 vides
362 2203 417 2243 toto
430 2195 563 2259 properari
577 2193 670 2242 litore?
689 2193 786 2241 circum

132 2285 248 2347 undiquc
261 2299 419 2343 convenere3
440 2291 515 2332 vocat
526 2283 579 2330 iam
594 2283 714 2330 carbasus
729 2298 815 2344 arurae,

132 2373 262 2436 puppibus
276 2381 301 2423 et
313 2374 374 2421 laeti
388 2381 482 2420 nautae
495 2373 633 2436 inposuere
647 2386 764 2420 coronas.

132 2461 202 2510 hunc
215 2476 264 2523 ego
278 2463 299 2509 si
312 2462 385 2524 potui
399 2468 499 2509 tautum
512 2475 616 2523 sperare
630 2461 756 2517 dolorem,

60 2554 112 2597 420
131 2556 157 2597 et
175 2549 302 2612 perferre,
331 2564 419 2608 soror,
447 2557 546 2612 potero.
575 2550 684 2597 miserae
704 2549 754 2597 lroc
774 2557 860 2599 tamen

432 2655 517 2690 unum
