1808 2956
68 169 125 215 136
303 178 329 216 Ρ.
346 176 467 216 VERGlLI
488 177 618 216 MARONlS

134 333 305 396 npmplrarum
318 334 418 381 domus.
455 333 497 382 hic
510 334 589 383 fessas
602 348 656 382 non
669 335 773 383 vincula
785 351 860 384 naves

133 422 188 469 ulla
200 430 296 480 tenent,
311 437 379 470 unco
393 436 446 469 non
459 424 551 483 alligat
562 438 658 472 ancora
670 439 766 471 morsu.

65 514 113 558 170
133 509 184 558 huc
196 518 293 573 septem
306 511 408 558 Aeneas
422 512 536 560 collectis
549 512 656 559 naribus
671 513 741 559 omni

133 613 165 646 ex
178 614 285 647 numero
298 599 375 657 subit,
390 614 420 646 ac
434 614 529 661 magno
543 601 641 648 telluris
655 616 742 649 amore

133 689 227 749 egressi
241 695 330 751 optata
341 688 475 750 potiuntur
487 688 567 736 Troes
580 689 677 736 harena

132 784 158 824 et
169 778 223 825 sale
237 777 347 824 tabentis
360 784 429 824 artus
443 777 469 823 in
483 777 557 824 litore
570 786 679 840 ponunt.

132 879 163 912 ac
175 865 286 927 primum
298 865 517 913 silici-scintillam
530 866 634 913 excudit
646 865 760 914 Achates

63 956 112 1000 175
132 954 296 1016 succepitque
310 954 396 1014 ignem
410 953 479 1000 loliis
493 962 569 1017 atque
583 955 657 1001 arida
670 955 767 1003 circum

132 1041 288 1089 nutrimenta
301 1042 372 1089 dedit
384 1042 521 1104 rapuitque
533 1043 560 1088 in
575 1042 663 1090 fomite
676 1043 815 1091 flammam.

133 1137 186 1176 tum
200 1127 319 1177 Cererem
333 1139 480 1191 corruptam
494 1130 569 1178 undis
583 1129 753 1193 Cerealiaque
767 1147 838 1178 arma

131 1217 272 1279 expediunt
284 1218 342 1265 sessi
356 1231 441 1264 rerum
456 1217 593 1281 frugesque
607 1228 722 1282 receptas

131 1315 156 1354 et
169 1313 264 1353 torrere
277 1312 371 1368 parant
382 1306 491 1354 flammis
505 1315 529 1355 et
542 1307 660 1369 frangere
672 1324 745 1355 saxo.

63 1399 112 1442 180
166 1395 268 1442 Aeneas
281 1395 416 1456 scopulum
433 1395 531 1443 interea
548 1397 697 1444 conscendit
714 1404 739 1444 et
756 1412 859 1445 omnem

130 1490 294 1545 prospectum
306 1483 358 1530 late
371 1483 465 1545 pelago
479 1484 550 1545 petit,
566 1484 670 1532 Anthea
683 1484 784 1546 siquem

130 1572 254 1619 iactatum
266 1580 341 1619 rento
354 1572 439 1620 rideat
453 1573 629 1635 Phrygiasque
642 1573 756 1632 biremis,

131 1669 176 1708 aut
188 1659 279 1722 Capyn
292 1669 336 1707 aut
349 1661 423 1708 celsis
437 1661 464 1707 in
476 1661 605 1723 puppibus
619 1677 691 1708 arma
705 1659 786 1709 Caici.

129 1763 221 1797 navem
233 1750 259 1796 in
274 1757 413 1811 conspectu
427 1749 535 1807 nullam,
551 1750 597 1797 tris
610 1751 685 1797 litore
699 1764 787 1798 cervos

63 1843 109 1886 185
130 1838 253 1900 prospicit
266 1838 390 1897 errantis;
410 1838 457 1885 hos
472 1846 525 1884 tota
539 1846 655 1886 amicata
667 1847 788 1886 secuntur

130 1941 145 1973 a
157 1934 229 1988 tergo
243 1933 267 1974 et
279 1927 387 1987 longum
400 1941 445 1988 per
458 1926 531 1973 vallis
544 1927 657 1988 poscitur·
670 1942 773 1988 agmen.

130 2016 244 2063 constitit
256 2015 299 2063 hie
312 2029 452 2076 arcumque
465 2029 542 2061 manu
557 2015 698 2077 celerisque
711 2016 818 2076 sagittas¹

130 2104 262 2166 corripuit,
278 2104 344 2151 fidus
358 2118 425 2165 quae
438 2104 490 2151 tela
502 2103 608 2164 gerebat
620 2104 743 2162 Achates,

130 2193 301 2253 ductoresque
314 2192 383 2254 ipsos
397 2193 517 2254 primum,
533 2192 618 2253 capita
631 2193 685 2239 alta
697 2191 806 2240 ferentes

61 2287 109 2328 190
129 2280 250 2329 cornibus
264 2280 388 2338 arboreis,
403 2280 502 2338 sternit,
518 2287 572 2326 tum
585 2281 676 2341 volgus
690 2288 714 2328 et
727 2295 830 2329 omnem

128 2369 219 2418 miscet
232 2383 311 2431 agens
325 2369 381 2416 telis
395 2383 501 2416 nemora
513 2368 580 2415 inter
593 2367 701 2416 srondca
714 2369 826 2428 turbam,

128 2473 176 2506 nec
188 2459 259 2521 prius
273 2457 375 2505 absistit
388 2472 466 2519 quam
479 2464 576 2519 septem
589 2457 706 2518 ingentia
717 2458 798 2506 victor

129 2560 239 2610 corpora
257 2545 348 2594 fundat
366 2545 437 2592 humi
460 2553 485 2592 et
508 2560 644 2594 numemm
668 2561 726 2594 cum
750 2547 857 2596 nam'bs

427 2642 534 2702 aequet.
