1808 2956
60 174 119 222 538
403 182 510 222 cuunx.

128 340 185 402 ipsa
197 340 247 386 loci
261 347 353 387 natura
367 340 481 399 domum,
496 346 636 387 resonante
649 355 766 398 snsmro,

129 429 186 490 quis
200 428 278 475 dabat
291 435 316 475 et
329 429 398 476 dulei
412 428 491 476 fessas
505 427 637 476 refovebat
650 429 678 475 in
692 429 792 476 umbra.

129 532 188 563 nam
201 517 313 578 primum
325 531 409 579 prona
421 516 561 578 surgebant
574 518 643 565 valle
657 525 775 580 patentes

127 606 211 653 aeriae
224 605 331 667 platani,
347 606 414 653 inter
428 619 491 666 quas
504 605 585 667 impia
602 606 680 664 lotos,

60 699 108 742 125
128 695 216 756 impia,
233 707 299 756 quae
312 693 397 740 socios
409 693 491 741 Ithaei
505 695 643 742 maerentis
657 693 754 755 abegit,

129 783 232 844 hospita
245 783 306 828 dum
319 782 399 828 nimia
412 783 494 829 tenuit
507 782 644 831 dulcedine
658 790 759 845 captos.

130 870 261 933 atquibus
275 869 369 930 insigni
384 886 459 918 curru
473 872 601 933 proiectus
616 886 743 934 equorum

130 959 262 1007 ambustus
275 959 411 1006 Phaethon
424 960 495 1006 luctu
508 967 651 1007 mutaverat
664 967 745 1016 artus,

130 1048 260 1105 Heliades,
277 1047 369 1094 teneris
384 1047 503 1109 inplexae
517 1048 638 1096 bracchia
651 1050 750 1096 truncis

61 1142 110 1185 130
130 1137 241 1184 candida
254 1135 396 1182 fundebant
409 1136 484 1182 tentis
497 1137 627 1184 velamina
640 1137 728 1184 ramis.

130 1224 264 1287 posterius,
281 1224 321 1270 oui
334 1223 507 1285 Demophoon
522 1232 626 1272 aeterna
639 1226 746 1287 reliquit

131 1312 238 1374 perfidia
250 1312 372 1369 lamenta,
391 1313 443 1359 doli
462 1314 529 1361 male
546 1313 654 1374 provida
667 1313 766 1375 Phyllis

131 1400 239 1462 (perfide
251 1399 425 1461 Demophoon
439 1407 463 1448 et
476 1415 528 1447 non
542 1400 658 1448 deflende
672 1402 788 1464 puellis).

131 1504 209 1551 quam
222 1488 411 1537 comitabantur
424 1489 514 1536 fatalia
527 1489 642 1536 carmina
655 1504 775 1551 quereus,

62 1584 110 1626 135
132 1593 239 1640 quereus
252 1585 311 1626 ante
325 1578 400 1626 datae
414 1576 513 1625 Cereris
528 1593 606 1639 quam
620 1578 720 1626 semina
734 1579 811 1625 vitae:

130 1668 189 1714 illas
203 1666 356 1729 Triptolemi
370 1667 477 1714 mutavit
489 1666 574 1713 sulcus
589 1666 682 1713 aristis.

131 1756 173 1803 hio
187 1770 310 1816 magnum
324 1756 427 1815 Argoae
440 1754 498 1800 navi
512 1755 589 1801 decus
604 1754 673 1802 edita
688 1756 766 1818 pinus

131 1859 250 1906 procerus
265 1843 369 1891 decorat
381 1843 458 1890 silvas
472 1842 571 1890 hirsuta
584 1858 629 1905 per
642 1850 713 1890 artus

132 1948 162 1979 ac
175 1932 238 1994 petit
251 1932 326 1979 aeriis
340 1932 496 1992 coniungere
510 1931 638 1978 montibus
653 1939 731 1979 astra.

63 2027 112 2069 140
132 2021 198 2068 ilicis
212 2029 237 2068 et
250 2021 338 2081 nigrae
352 2028 376 2068 et
389 2019 486 2082 species
500 2019 614 2067 Lethaea
628 2034 763 2082 cupressus

132 2110 320 2171 umbrosaeque
333 2115 439 2156 monent
451 2108 525 2168 sagus
538 2108 701 2169 hederaeque
716 2109 824 2170 ligantes

132 2198 254 2246 bracchia
267 2197 393 2245 fraternos
406 2198 515 2259 plangat
528 2211 559 2244 ue
573 2197 683 2258 populus
697 2196 772 2256 ictus,

132 2287 254 2350 ipsaeque
269 2287 397 2334 excedunt
410 2286 441 2332 ad
455 2299 555 2333 summa
569 2285 705 2333 cacumina
718 2287 803 2334 lentae

132 2377 293 2438 pinguutque
307 2375 426 2422 aureolos
440 2375 513 2421 viridi
527 2375 626 2436 pallore
640 2376 792 2436 corymbos;

64 2471 113 2514 145
134 2465 191 2527 quis
205 2465 294 2513 aderat
306 2464 396 2512 veteris
410 2471 506 2524 myrtus
521 2478 572 2509 non
586 2463 673 2510 nescia
686 2462 741 2510 fati.

128 2554 170 2604 his
183 2553 290 2605 suberat
302 2553 395 2618 gelidis
408 2566 516 2600 marinus
529 2566 543 2598 e
556 2550 669 2598 fontibus
683 2552 763 2610 unda,

118 2665 190 2715 qrrae
205 2650 313 2702 levibus
327 2647 469 2716 placidum
481 2642 544 2691 riuis
556 2647 634 2687 sonat
645 2638 837 2695 aetslxopexun
