1808 2956
279 195 426 236 Aduuruos
449 196 536 234 amun
552 197 592 235 vr.
772 188 831 236 309

106 366 290 415 armorumque
303 351 351 399 fuit
363 352 434 410 vivis,
451 366 517 414 quae
531 367 593 400 cura
605 352 710 400 nitentis

50 447 84 491 55
106 454 212 504 pascere
225 454 313 503 equos,
330 440 420 487 eadem
434 440 550 500 sequitur
562 439 652 487 tellure
666 447 790 501 repostos.

106 528 235 591 conspicit
246 542 305 577 ecce
319 527 384 575 alios
398 528 489 575 dextra
501 529 626 589 laevaque
639 542 684 589 per
696 527 802 575 herbam

104 604 231 665 vescentis
244 617 391 677 laetumque
405 616 484 664 choro
497 615 601 664 Paeana
615 615 728 663 canentis

105 707 172 753 inter
185 705 322 752 odoratum
334 705 400 752 lauri
414 719 513 763 nemus,
529 704 597 752 unde
610 717 720 766 superne

106 793 232 856 plurimus
245 792 351 840 Eridani
365 807 410 855 per
423 793 514 840 silvam
528 793 636 840 volvitur
649 792 740 840 amnis.

50 888 85 931 60
105 881 148 929 hic
161 895 253 929 manus
266 881 299 928 ob
311 881 423 943 patriam
436 881 577 943 pugnando
590 881 697 928 uolnera
709 880 787 942 passi,

106 970 202 1032 quique
214 969 360 1017 sacerdotes
374 969 445 1028 casti,
462 970 523 1017 dum
535 969 587 1016 vita
599 968 728 1026 manebat,

106 1057 202 1121 quique
215 1057 250 1119 pii
264 1064 333 1104 vates
347 1064 372 1105 et
383 1057 489 1104 Phoebo
504 1057 584 1119 digna
596 1057 685 1116 locuti,

105 1146 222 1193 inventas
236 1152 281 1192 aut
293 1146 336 1207 qui
350 1145 428 1193 vitam
441 1147 577 1194 excoluere
589 1161 636 1209 per
648 1145 718 1204 artis,

105 1233 201 1296 quique
214 1234 252 1280 sui
266 1247 393 1281 memores
407 1234 472 1282 alios
486 1234 568 1283 fecere
581 1234 717 1282 merendo:

51 1327 84 1371 65
105 1320 224 1369 omnibus
237 1322 277 1369 his
291 1321 366 1370 nivea
379 1323 517 1383 cinguntur
529 1331 646 1385 tempora
659 1323 729 1369 vitta.

106 1424 170 1471 quos
184 1409 353 1457 circumfusos
366 1411 403 1458 sic
417 1418 455 1458 est
468 1410 555 1458 adfata
568 1409 674 1472 Sibylla,

103 1497 239 1545 Musaeum
247 1505 306 1546 ante
320 1499 403 1545 omnis
414 1515 420 1557 ;
435 1499 548 1546 medium
560 1512 620 1545 nam
632 1498 744 1561 plurima
757 1496 832 1544 turba

103 1584 173 1632 hunc
185 1584 264 1634 habet
276 1594 353 1649 atque
366 1587 461 1634 umeris
475 1594 604 1635 extantem
617 1586 724 1648 suspicit
737 1585 805 1634 altis.

100 1662 198 1731 ‘dicite
214 1673 301 1722 felices
315 1675 417 1723 animae
430 1682 509 1737 tuque
523 1675 619 1736 optime
631 1682 709 1732 vates,

50 1765 84 1811 to
104 1775 171 1823 quae
183 1762 254 1823 regio
266 1762 407 1821 Anchisen,
424 1763 480 1824 quis
492 1762 570 1809 habet
581 1760 669 1809 locus?
688 1762 830 1822 illiusergo

102 1849 218 1897 venimus
232 1857 258 1898 et
270 1864 378 1911 magnos
391 1849 468 1898 Erebi
482 1849 638 1898 tranavimus
652 1839 759 1896 amnes.'

103 1945 181 2000 atque
194 1938 255 1986 huic
267 1952 419 1999 responsum
432 1939 521 2000 paucis
534 1939 571 1985 ita
583 1936 695 1985 reddidit
708 1936 797 1984 heros„

99 2015 176 2073 ‘nulli
189 2032 259 2074 certa
272 2025 378 2084 domus;
399 2026 464 2074 lucis
477 2025 624 2075 habitamus
638 2024 725 2088 opacis

102 2114 269 2176 riparumque
282 2120 352 2160 toros
366 2121 391 2161 et
403 2122 478 2176 prata
490 2115 604 2162 recentia
617 2115 676 2162 rivis

50 2206 81 2251 75
103 2201 249 2250 incolimus.
278 2202 322 2249 sed
336 2216 389 2261 voa,
405 2203 426 2249 si
440 2202 489 2250 fert
501 2203 537 2249 ita
550 2203 628 2250 corde
641 2202 769 2260 voluntas,

101 2289 152 2337 hoc
165 2297 283 2353 superate
295 2290 399 2351 iugum,
422 2298 447 2339 et
459 2290 530 2338 facili
543 2291 595 2338 iam
608 2291 708 2338 tramite
721 2281 833 2338 sistam'

102 2377 168 2425 dixit
181 2386 206 2425 et
218 2384 277 2425 ante
290 2378 349 2426 tulit
361 2392 478 2439 gressum
491 2393 647 2441 camposque
661 2378 769 2426 nitentes

103 2467 212 2528 desuper
219 2473 344 2524 ostentat3
360 2465 454 2513 dehinc
465 2481 566 2514 summa
575 2467 710 2515 eacumina
717 2466 826 2513 lincunt.

138 2555 174 2600 At
186 2562 259 2615 pater
271 2554 399 2601 Anchises
412 2554 513 2617 penitus
527 2555 649 2604 couraiie
658 2554 757 2602 uirenti

96 2641 211 2686 inclusas
223 2642 326 2690 animas
339 2658 526 2710 superumque
540 2645 577 2695 ad
586 2645 688 2694 iumen
695 2641 790 2688 'utum
