<?xml version="1.0" encoding="UTF-8"?>
<!DOCTYPE html PUBLIC "-//W3C//DTD XHTML 1.0 Transitional//EN"
    "http://www.w3.org/TR/xhtml1/DTD/xhtml1-transitional.dtd">
<html xmlns="http://www.w3.org/1999/xhtml" xml:lang="en" lang="en">
 <head>
  <title>
</title>
<meta http-equiv="Content-Type" content="text/html;charset=utf-8" />
  <meta name='ocr-system' content='tesseract 3.04.00' />
  <meta name='ocr-capabilities' content='ocr_page ocr_carea ocr_par ocr_line ocrx_word'/>
</head>
<body>
  <div class='ocr_page' id='page_1' title='image "./pvergiliusmaro00virggoog/pvergiliusmaro00virggoog_0303.png"; bbox 0 0 1808 2956; ppageno 0'>
   <div class='ocr_carea' id='block_1_1' title="bbox 62 265 622 314">
    <p class='ocr_par' dir='ltr' id='par_1_1' title="bbox 62 265 622 314">
     <span class='ocr_line' id='line_1_1' title="bbox 62 265 622 314; baseline -0.004 0"><span class='ocrx_word' id='word_1_1' title='bbox 62 265 126 314; x_wconf 71' lang='lat'>304</span> <span class='ocrx_word' id='word_1_2' title='bbox 303 272 329 310; x_wconf 83' lang='lat' dir='ltr'>P.</span> <span class='ocrx_word' id='word_1_3' title='bbox 346 271 468 310; x_wconf 71' lang='lat' dir='ltr'>veneral</span> <span class='ocrx_word' id='word_1_4' title='bbox 488 272 622 312; x_wconf 69' lang='lat' dir='ltr'>meacula</span> 
     </span>
    </p>
   </div>
   <div class='ocr_carea' id='block_1_2' title="bbox 63 427 859 2708">
    <p class='ocr_par' dir='ltr' id='par_1_2' title="bbox 63 427 859 2708">
     <span class='ocr_line' id='line_1_2' title="bbox 135 427 820 490; baseline 0.003 -12"><span class='ocrx_word' id='word_1_5' title='bbox 135 429 233 478; x_wconf 82' lang='lat' dir='ltr'>scilicet</span> <span class='ocrx_word' id='word_1_6' title='bbox 245 429 271 476; x_wconf 89' lang='lat' dir='ltr'>id</span> <span class='ocrx_word' id='word_1_7' title='bbox 285 442 410 490; x_wconf 88' lang='lat' dir='ltr'>magnum</span> <span class='ocrx_word' id='word_1_8' title='bbox 422 442 528 490; x_wconf 81' lang='lat' dir='ltr'>sperans</span> <span class='ocrx_word' id='word_1_9' title='bbox 542 427 597 478; x_wconf 85' lang='lat' dir='ltr'>sore</span> <span class='ocrx_word' id='word_1_10' title='bbox 611 443 708 477; x_wconf 86' lang='lat' dir='ltr'>munus</span> <span class='ocrx_word' id='word_1_11' title='bbox 723 431 820 480; x_wconf 84' lang='lat' dir='ltr'>amanti</span> 
     </span>
     <span class='ocr_line' id='line_1_3' title="bbox 134 516 818 578; baseline -0.003 -11"><span class='ocrx_word' id='word_1_12' title='bbox 134 524 160 567; x_wconf 90' lang='lat' dir='ltr'>et</span> <span class='ocrx_word' id='word_1_13' title='bbox 172 518 268 566; x_wconf 84' lang='lat' dir='ltr'>famam</span> <span class='ocrx_word' id='word_1_14' title='bbox 281 517 398 578; x_wconf 78' lang='lat' dir='ltr'>extingui</span> <span class='ocrx_word' id='word_1_15' title='bbox 410 523 525 565; x_wconf 81' lang='lat' dir='ltr'>veterum</span> <span class='ocrx_word' id='word_1_16' title='bbox 538 516 575 564; x_wconf 85' lang='lat' dir='ltr'>sic</span> <span class='ocrx_word' id='word_1_17' title='bbox 588 530 667 578; x_wconf 85' lang='lat' dir='ltr'>posse</span> <span class='ocrx_word' id='word_1_18' title='bbox 680 520 818 568; x_wconf 84' lang='lat' dir='ltr'>malorum.</span> 
     </span>
     <span class='ocr_line' id='line_1_4' title="bbox 135 604 859 671; baseline 0 -17"><span class='ocrx_word' id='word_1_19' title='bbox 135 607 197 671; x_wconf 90' lang='lat' dir='ltr'>quid</span> <span class='ocrx_word' id='word_1_20' title='bbox 216 605 320 654; x_wconf 84' lang='lat' dir='ltr'>moror?</span> <span class='ocrx_word' id='word_1_21' title='bbox 339 606 491 667; x_wconf 90' lang='lat' dir='ltr'>inrumpunt</span> <span class='ocrx_word' id='word_1_22' title='bbox 508 604 641 665; x_wconf 80' lang='lat' dir='ltr'>thalam03</span> <span class='ocrx_word' id='word_1_23' title='bbox 662 621 753 656; x_wconf 88' lang='lat' dir='ltr'>comes</span> <span class='ocrx_word' id='word_1_24' title='bbox 767 607 859 656; x_wconf 76' lang='lat' dir='ltr'>additur</span> 
     </span>
     <span class='ocr_line' id='line_1_5' title="bbox 435 707 487 741; baseline 0.019 -1"><span class='ocrx_word' id='word_1_25' title='bbox 435 707 487 741; x_wconf 86' lang='lat' dir='ltr'>una</span> 
     </span>
     <span class='ocr_line' id='line_1_6' title="bbox 134 781 775 839; baseline -0.002 -6"><span class='ocrx_word' id='word_1_26' title='bbox 134 785 251 833; x_wconf 77' lang='lat' dir='ltr'>hortator</span> <span class='ocrx_word' id='word_1_27' title='bbox 264 784 390 832; x_wconf 89' lang='lat' dir='ltr'>scelerum</span> <span class='ocrx_word' id='word_1_28' title='bbox 402 781 536 830; x_wconf 83' lang='lat' dir='ltr'>Aeolides.</span> <span class='ocrx_word' id='word_1_29' title='bbox 565 781 600 839; x_wconf 87' lang='lat' dir='ltr'>di,</span> <span class='ocrx_word' id='word_1_30' title='bbox 616 782 683 830; x_wconf 85' lang='lat' dir='ltr'>talia</span> <span class='ocrx_word' id='word_1_31' title='bbox 696 781 775 833; x_wconf 78' lang='lat' dir='ltr'>Grais</span> 
     </span>
     <span class='ocr_line' id='line_1_7' title="bbox 63 871 680 934; baseline -0.006 -12"><span class='ocrx_word' id='word_1_32' title='bbox 63 879 115 922; x_wconf 84' lang='grc'>530</span> <span class='ocrx_word' id='word_1_33' title='bbox 134 875 283 930; x_wconf 78' lang='lat' dir='ltr'>instaurate,</span> <span class='ocrx_word' id='word_1_34' title='bbox 300 872 343 934; x_wconf 91' lang='lat' dir='ltr'>pio</span> <span class='ocrx_word' id='word_1_35' title='bbox 357 871 378 918; x_wconf 89' lang='lat' dir='ltr'>si</span> <span class='ocrx_word' id='word_1_36' title='bbox 392 884 489 932; x_wconf 82' lang='lat' dir='ltr'>poenas</span> <span class='ocrx_word' id='word_1_37' title='bbox 503 883 547 917; x_wconf 90' lang='lat' dir='ltr'>ore</span> <span class='ocrx_word' id='word_1_38' title='bbox 560 883 680 931; x_wconf 85' lang='lat' dir='ltr'>reposco.</span> 
     </span>
     <span class='ocr_line' id='line_1_8' title="bbox 134 944 719 1023; baseline -0.007 -13"><span class='ocrx_word' id='word_1_39' title='bbox 134 962 179 1010; x_wconf 90' lang='lat' dir='ltr'>sed</span> <span class='ocrx_word' id='word_1_40' title='bbox 193 972 218 1009; x_wconf 89' lang='lat' dir='ltr'>te</span> <span class='ocrx_word' id='word_1_41' title='bbox 231 961 275 1023; x_wconf 87' lang='lat' dir='ltr'>qui</span> <span class='ocrx_word' id='word_1_42' title='bbox 289 961 373 1007; x_wconf 82' lang='lat' dir='ltr'>vivom</span> <span class='ocrx_word' id='word_1_43' title='bbox 387 973 461 1006; x_wconf 87' lang='lat' dir='ltr'>casus</span> <span class='ocrx_word' id='word_1_44' title='bbox 474 972 523 1019; x_wconf 85' lang='lat' dir='ltr'>age</span> <span class='ocrx_word' id='word_1_45' title='bbox 536 944 591 1005; x_wconf 81' lang='lat' dir='ltr'>fare</span> <span class='ocrx_word' id='word_1_46' title='bbox 603 957 719 1006; x_wconf 86' lang='lat' dir='ltr'>vicissim</span> 
     </span>
     <span class='ocr_line' id='line_1_9' title="bbox 135 1047 739 1111; baseline -0.005 -14"><span class='ocrx_word' id='word_1_47' title='bbox 135 1050 275 1098; x_wconf 83' lang='lat' dir='ltr'>attulerint.</span> <span class='ocrx_word' id='word_1_48' title='bbox 303 1048 423 1111; x_wconf 76' lang='lat' dir='ltr'>pelagiae</span> <span class='ocrx_word' id='word_1_49' title='bbox 435 1049 506 1097; x_wconf 84' lang='lat' dir='ltr'>venis</span> <span class='ocrx_word' id='word_1_50' title='bbox 520 1047 650 1096; x_wconf 88' lang='lat' dir='ltr'>erroribus</span> <span class='ocrx_word' id='word_1_51' title='bbox 663 1056 739 1096; x_wconf 88' lang='lat' dir='ltr'>actus</span> 
     </span>
     <span class='ocr_line' id='line_1_10' title="bbox 135 1135 814 1199; baseline 0 -14"><span class='ocrx_word' id='word_1_52' title='bbox 135 1153 167 1186; x_wconf 86' lang='lat' dir='ltr'>an</span> <span class='ocrx_word' id='word_1_53' title='bbox 182 1138 281 1185; x_wconf 90' lang='lat' dir='ltr'>monitu</span> <span class='ocrx_word' id='word_1_54' title='bbox 295 1136 398 1184; x_wconf 81' lang='lat' dir='ltr'>divom?</span> <span class='ocrx_word' id='word_1_55' title='bbox 417 1151 450 1184; x_wconf 84' lang='lat' dir='ltr'>an</span> <span class='ocrx_word' id='word_1_56' title='bbox 464 1150 531 1198; x_wconf 88' lang='lat' dir='ltr'>quae</span> <span class='ocrx_word' id='word_1_57' title='bbox 544 1142 569 1183; x_wconf 92' lang='lat' dir='ltr'>te</span> <span class='ocrx_word' id='word_1_58' title='bbox 580 1135 699 1183; x_wconf 80' lang='lat' dir='ltr'>Fortuna</span> <span class='ocrx_word' id='word_1_59' title='bbox 712 1135 814 1199; x_wconf 80' lang='lat' dir='ltr'>fatigat,</span> 
     </span>
     <span class='ocr_line' id='line_1_11' title="bbox 134 1215 833 1282; baseline -0.001 -9"><span class='ocrx_word' id='word_1_60' title='bbox 134 1233 163 1273; x_wconf 92' lang='lat' dir='ltr'>ut</span> <span class='ocrx_word' id='word_1_61' title='bbox 175 1226 253 1272; x_wconf 84' lang='lat' dir='ltr'>tristis</span> <span class='ocrx_word' id='word_1_62' title='bbox 267 1225 322 1273; x_wconf 90' lang='lat' dir='ltr'>sine</span> <span class='ocrx_word' id='word_1_63' title='bbox 335 1226 390 1281; x_wconf 86' lang='lat' dir='ltr'>sole</span> <span class='ocrx_word' id='word_1_64' title='bbox 402 1225 503 1282; x_wconf 87' lang='lat' dir='ltr'>domos,</span> <span class='ocrx_word' id='word_1_65' title='bbox 519 1224 578 1272; x_wconf 85' lang='lat' dir='ltr'>loca</span> <span class='ocrx_word' id='word_1_66' title='bbox 590 1222 704 1282; x_wconf 88' lang='lat' dir='ltr'>turbida,</span> <span class='ocrx_word' id='word_1_67' title='bbox 720 1215 833 1274; x_wconf 74' lang='lat' dir='ltr'>adires?³</span> 
     </span>
     <span class='ocr_line' id='line_1_12' title="bbox 64 1311 773 1374; baseline -0.003 -11"><span class='ocrx_word' id='word_1_68' title='bbox 64 1320 114 1363; x_wconf 91' lang='grc'>535</span> <span class='ocrx_word' id='word_1_69' title='bbox 136 1315 184 1362; x_wconf 90' lang='lat' dir='ltr'>hac</span> <span class='ocrx_word' id='word_1_70' title='bbox 197 1313 252 1361; x_wconf 91' lang='lat' dir='ltr'>vice</span> <span class='ocrx_word' id='word_1_71' title='bbox 265 1327 413 1360; x_wconf 89' lang='lat' dir='ltr'>sermonum</span> <span class='ocrx_word' id='word_1_72' title='bbox 425 1312 505 1359; x_wconf 86' lang='lat' dir='ltr'>roseis</span> <span class='ocrx_word' id='word_1_73' title='bbox 518 1311 621 1359; x_wconf 85' lang='lat' dir='ltr'>Aurora</span> <span class='ocrx_word' id='word_1_74' title='bbox 635 1311 773 1374; x_wconf 78' lang='lat' dir='ltr'>quadrigis</span> 
     </span>
     <span class='ocr_line' id='line_1_13' title="bbox 135 1399 783 1461; baseline 0 -12"><span class='ocrx_word' id='word_1_75' title='bbox 135 1403 188 1450; x_wconf 83' lang='lat' dir='ltr'>iarn</span> <span class='ocrx_word' id='word_1_76' title='bbox 201 1402 315 1449; x_wconf 86' lang='lat' dir='ltr'>medium</span> <span class='ocrx_word' id='word_1_77' title='bbox 328 1401 442 1449; x_wconf 87' lang='lat' dir='ltr'>aetherio</span> <span class='ocrx_word' id='word_1_78' title='bbox 456 1414 532 1448; x_wconf 88' lang='lat' dir='ltr'>cursu</span> <span class='ocrx_word' id='word_1_79' title='bbox 545 1399 682 1448; x_wconf 88' lang='lat' dir='ltr'>traiecerat</span> <span class='ocrx_word' id='word_1_80' title='bbox 695 1415 783 1461; x_wconf 88' lang='lat' dir='ltr'>axem,</span> 
     </span>
     <span class='ocr_line' id='line_1_14' title="bbox 135 1488 824 1552; baseline 0 -14"><span class='ocrx_word' id='word_1_81' title='bbox 135 1498 160 1539; x_wconf 90' lang='lat' dir='ltr'>et</span> <span class='ocrx_word' id='word_1_82' title='bbox 172 1491 224 1537; x_wconf 88' lang='lat' dir='ltr'>fors</span> <span class='ocrx_word' id='word_1_83' title='bbox 238 1504 314 1538; x_wconf 91' lang='lat' dir='ltr'>omne</span> <span class='ocrx_word' id='word_1_84' title='bbox 328 1491 417 1537; x_wconf 89' lang='lat' dir='ltr'>datum</span> <span class='ocrx_word' id='word_1_85' title='bbox 429 1488 560 1536; x_wconf 84' lang='lat' dir='ltr'>traherent</span> <span class='ocrx_word' id='word_1_86' title='bbox 572 1501 617 1549; x_wconf 91' lang='lat' dir='ltr'>per</span> <span class='ocrx_word' id='word_1_87' title='bbox 630 1488 694 1537; x_wconf 86' lang='lat' dir='ltr'>talia</span> <span class='ocrx_word' id='word_1_88' title='bbox 707 1496 824 1552; x_wconf 87' lang='lat' dir='ltr'>tempus:</span> 
     </span>
     <span class='ocr_line' id='line_1_15' title="bbox 135 1575 858 1641; baseline -0.007 -14"><span class='ocrx_word' id='word_1_89' title='bbox 135 1580 179 1627; x_wconf 89' lang='lat' dir='ltr'>sed</span> <span class='ocrx_word' id='word_1_90' title='bbox 194 1594 279 1627; x_wconf 91' lang='lat' dir='ltr'>comes</span> <span class='ocrx_word' id='word_1_91' title='bbox 293 1579 429 1626; x_wconf 83' lang='lat' dir='ltr'>admonuit</span> <span class='ocrx_word' id='word_1_92' title='bbox 448 1577 608 1639; x_wconf 89' lang='lat' dir='ltr'>breviterque</span> <span class='ocrx_word' id='word_1_93' title='bbox 628 1576 718 1625; x_wconf 87' lang='lat' dir='ltr'>adfata</span> <span class='ocrx_word' id='word_1_94' title='bbox 730 1575 858 1641; x_wconf 74' lang='lat' dir='ltr'>Sibyllaet.</span> 
     </span>
     <span class='ocr_line' id='line_1_16' title="bbox 134 1665 790 1726; baseline -0.002 -10"><span class='ocrx_word' id='word_1_95' title='bbox 134 1669 196 1716; x_wconf 89' lang='lat' dir='ltr'>‘nox</span> <span class='ocrx_word' id='word_1_96' title='bbox 209 1668 268 1726; x_wconf 87' lang='lat' dir='ltr'>ruit,</span> <span class='ocrx_word' id='word_1_97' title='bbox 284 1668 387 1726; x_wconf 75' lang='lat' dir='ltr'>Aenea3</span> <span class='ocrx_word' id='word_1_98' title='bbox 408 1680 456 1713; x_wconf 87' lang='lat' dir='ltr'>nos</span> <span class='ocrx_word' id='word_1_99' title='bbox 469 1665 554 1713; x_wconf 89' lang='lat' dir='ltr'>flendo</span> <span class='ocrx_word' id='word_1_100' title='bbox 567 1665 686 1712; x_wconf 88' lang='lat' dir='ltr'>ducimus</span> <span class='ocrx_word' id='word_1_101' title='bbox 700 1665 790 1715; x_wconf 88' lang='lat' dir='ltr'>horae.</span> 
     </span>
     <span class='ocr_line' id='line_1_17' title="bbox 64 1753 801 1819; baseline -0.004 -14"><span class='ocrx_word' id='word_1_102' title='bbox 64 1764 116 1806; x_wconf 79' lang='grc'>540</span> <span class='ocrx_word' id='word_1_103' title='bbox 136 1758 178 1806; x_wconf 93' lang='lat' dir='ltr'>hic</span> <span class='ocrx_word' id='word_1_104' title='bbox 192 1758 263 1805; x_wconf 89' lang='lat' dir='ltr'>locus</span> <span class='ocrx_word' id='word_1_105' title='bbox 277 1763 315 1804; x_wconf 86' lang='lat' dir='ltr'>est</span> <span class='ocrx_word' id='word_1_106' title='bbox 327 1756 407 1819; x_wconf 88' lang='lat' dir='ltr'>partis</span> <span class='ocrx_word' id='word_1_107' title='bbox 420 1753 464 1801; x_wconf 91' lang='lat' dir='ltr'>ubi</span> <span class='ocrx_word' id='word_1_108' title='bbox 477 1768 504 1802; x_wconf 88' lang='lat' dir='ltr'>se</span> <span class='ocrx_word' id='word_1_109' title='bbox 517 1754 557 1801; x_wconf 89' lang='lat' dir='ltr'>via</span> <span class='ocrx_word' id='word_1_110' title='bbox 570 1753 646 1801; x_wconf 87' lang='lat' dir='ltr'>findit</span> <span class='ocrx_word' id='word_1_111' title='bbox 658 1753 685 1800; x_wconf 92' lang='lat' dir='ltr'>in</span> <span class='ocrx_word' id='word_1_112' title='bbox 699 1753 801 1804; x_wconf 86' lang='lat' dir='ltr'>ambae.</span> 
     </span>
     <span class='ocr_line' id='line_1_18' title="bbox 136 1842 789 1907; baseline -0.005 -13"><span class='ocrx_word' id='word_1_113' title='bbox 136 1847 242 1894; x_wconf 89' lang='lat' dir='ltr'>dextera</span> <span class='ocrx_word' id='word_1_114' title='bbox 255 1860 320 1907; x_wconf 83' lang='lat' dir='ltr'>quae</span> <span class='ocrx_word' id='word_1_115' title='bbox 334 1845 402 1892; x_wconf 86' lang='lat' dir='ltr'>Ditis</span> <span class='ocrx_word' id='word_1_116' title='bbox 415 1843 504 1904; x_wconf 86' lang='lat' dir='ltr'>magni</span> <span class='ocrx_word' id='word_1_117' title='bbox 517 1842 564 1890; x_wconf 83' lang='lat' dir='ltr'>sub</span> <span class='ocrx_word' id='word_1_118' title='bbox 578 1842 682 1890; x_wconf 88' lang='lat' dir='ltr'>moenia</span> <span class='ocrx_word' id='word_1_119' title='bbox 695 1843 789 1902; x_wconf 85' lang='lat' dir='ltr'>tendit,</span> 
     </span>
     <span class='ocr_line' id='line_1_19' title="bbox 136 1930 755 1995; baseline -0.006 -12"><span class='ocrx_word' id='word_1_120' title='bbox 136 1937 185 1983; x_wconf 86' lang='lat' dir='ltr'>hac</span> <span class='ocrx_word' id='word_1_121' title='bbox 198 1936 246 1983; x_wconf 89' lang='lat' dir='ltr'>iter</span> <span class='ocrx_word' id='word_1_122' title='bbox 258 1934 374 1995; x_wconf 82' lang='lat' dir='ltr'>Elysium</span> <span class='ocrx_word' id='word_1_123' title='bbox 387 1931 478 1990; x_wconf 92' lang='lat' dir='ltr'>nobis;</span> <span class='ocrx_word' id='word_1_124' title='bbox 499 1938 525 1978; x_wconf 89' lang='lat' dir='ltr'>at</span> <span class='ocrx_word' id='word_1_125' title='bbox 538 1931 611 1979; x_wconf 83' lang='lat' dir='ltr'>laeva</span> <span class='ocrx_word' id='word_1_126' title='bbox 624 1930 755 1979; x_wconf 87' lang='lat' dir='ltr'>malorum</span> 
     </span>
     <span class='ocr_line' id='line_1_20' title="bbox 136 2011 761 2085; baseline -0.011 -13"><span class='ocrx_word' id='word_1_127' title='bbox 136 2033 238 2072; x_wconf 83' lang='lat' dir='ltr'>exercet</span> <span class='ocrx_word' id='word_1_128' title='bbox 251 2037 348 2085; x_wconf 84' lang='lat' dir='ltr'>poenas</span> <span class='ocrx_word' id='word_1_129' title='bbox 361 2029 386 2070; x_wconf 92' lang='lat' dir='ltr'>et</span> <span class='ocrx_word' id='word_1_130' title='bbox 399 2021 431 2068; x_wconf 84' lang='lat' dir='ltr'>ad</span> <span class='ocrx_word' id='word_1_131' title='bbox 445 2020 526 2082; x_wconf 82' lang='lat' dir='ltr'>impia</span> <span class='ocrx_word' id='word_1_132' title='bbox 538 2019 648 2067; x_wconf 89' lang='lat' dir='ltr'>Tartara</span> <span class='ocrx_word' id='word_1_133' title='bbox 660 2011 761 2066; x_wconf 64' lang='lat' dir='ltr'>mittit!</span> 
     </span>
     <span class='ocr_line' id='line_1_21' title="bbox 135 2099 795 2175; baseline -0.008 -14"><span class='ocrx_word' id='word_1_134' title='bbox 135 2112 287 2175; x_wconf 84' lang='lat' dir='ltr'>Deiphobus</span> <span class='ocrx_word' id='word_1_135' title='bbox 302 2099 443 2159; x_wconf 84' lang='lat' dir='ltr'>contru‘ne</span> <span class='ocrx_word' id='word_1_136' title='bbox 456 2109 533 2166; x_wconf 69' lang='lat' dir='ltr'>saeui,</span> <span class='ocrx_word' id='word_1_137' title='bbox 549 2121 644 2168; x_wconf 83' lang='lat' dir='ltr'>magna</span> <span class='ocrx_word' id='word_1_138' title='bbox 657 2109 795 2156; x_wconf 85' lang='lat' dir='ltr'>sacerdos:</span> 
     </span>
     <span class='ocr_line' id='line_1_22' title="bbox 65 2196 845 2262; baseline -0.008 -12"><span class='ocrx_word' id='word_1_139' title='bbox 65 2207 116 2250; x_wconf 78' lang='grc'>545</span> <span class='ocrx_word' id='word_1_140' title='bbox 137 2201 276 2259; x_wconf 78' lang='lat' dir='ltr'>discedam,</span> <span class='ocrx_word' id='word_1_141' title='bbox 293 2199 402 2262; x_wconf 87' lang='lat' dir='ltr'>explebo</span> <span class='ocrx_word' id='word_1_142' title='bbox 415 2211 551 2245; x_wconf 90' lang='lat' dir='ltr'>numerum</span> <span class='ocrx_word' id='word_1_143' title='bbox 564 2196 709 2258; x_wconf 89' lang='lat' dir='ltr'>reddarque</span> <span class='ocrx_word' id='word_1_144' title='bbox 723 2198 845 2246; x_wconf 87' lang='lat' dir='ltr'>tenebris.</span> 
     </span>
     <span class='ocr_line' id='line_1_23' title="bbox 137 2276 774 2348; baseline -0.005 -12"><span class='ocrx_word' id='word_1_145' title='bbox 137 2290 144 2336; x_wconf 94' lang='lat' dir='ltr'>i</span> <span class='ocrx_word' id='word_1_146' title='bbox 159 2291 245 2348; x_wconf 89' lang='lat' dir='ltr'>decus,</span> <span class='ocrx_word' id='word_1_147' title='bbox 261 2290 278 2348; x_wconf 79' lang='lat' dir='ltr'>i,</span> <span class='ocrx_word' id='word_1_148' title='bbox 294 2295 426 2346; x_wconf 81' lang='lat' dir='ltr'>nostrum3</span> <span class='ocrx_word' id='word_1_149' title='bbox 446 2285 596 2333; x_wconf 89' lang='lat' dir='ltr'>melioribus</span> <span class='ocrx_word' id='word_1_150' title='bbox 610 2291 681 2332; x_wconf 88' lang='lat' dir='ltr'>utere</span> <span class='ocrx_word' id='word_1_151' title='bbox 695 2276 774 2333; x_wconf 64' lang='lat' dir='ltr'>latis.²</span> 
     </span>
     <span class='ocr_line' id='line_1_24' title="bbox 137 2373 736 2435; baseline -0.008 -10"><span class='ocrx_word' id='word_1_152' title='bbox 137 2386 237 2426; x_wconf 91' lang='lat' dir='ltr'>tantum</span> <span class='ocrx_word' id='word_1_153' title='bbox 250 2379 350 2435; x_wconf 84' lang='lat' dir='ltr'>effatus,</span> <span class='ocrx_word' id='word_1_154' title='bbox 367 2376 430 2424; x_wconf 90' lang='lat' dir='ltr'>etin</span> <span class='ocrx_word' id='word_1_155' title='bbox 443 2374 520 2422; x_wconf 90' lang='lat' dir='ltr'>verbo</span> <span class='ocrx_word' id='word_1_156' title='bbox 533 2373 641 2434; x_wconf 82' lang='lat' dir='ltr'>vestigia</span> <span class='ocrx_word' id='word_1_157' title='bbox 654 2373 736 2421; x_wconf 90' lang='lat' dir='ltr'>torsit.</span> 
     </span>
     <span class='ocr_line' id='line_1_25' title="bbox 172 2461 792 2530; baseline -0.008 -14"><span class='ocrx_word' id='word_1_158' title='bbox 172 2467 285 2530; x_wconf 84' lang='lat' dir='ltr'>Respicit</span> <span class='ocrx_word' id='word_1_159' title='bbox 297 2468 399 2514; x_wconf 83' lang='lat' dir='ltr'>Aeneas</span> <span class='ocrx_word' id='word_1_160' title='bbox 413 2462 497 2510; x_wconf 91' lang='lat' dir='ltr'>subito</span> <span class='ocrx_word' id='word_1_161' title='bbox 511 2469 536 2510; x_wconf 92' lang='lat' dir='ltr'>et</span> <span class='ocrx_word' id='word_1_162' title='bbox 548 2462 594 2509; x_wconf 93' lang='lat' dir='ltr'>sub</span> <span class='ocrx_word' id='word_1_163' title='bbox 608 2475 672 2523; x_wconf 89' lang='lat' dir='ltr'>rupe</span> <span class='ocrx_word' id='word_1_164' title='bbox 684 2461 792 2511; x_wconf 83' lang='lat' dir='ltr'>sinistra</span> 
     </span>
     <span class='ocr_line' id='line_1_26' title="bbox 137 2550 777 2613; baseline -0.011 -8"><span class='ocrx_word' id='word_1_165' title='bbox 137 2557 241 2605; x_wconf 83' lang='lat' dir='ltr'>moenia</span> <span class='ocrx_word' id='word_1_166' title='bbox 253 2558 307 2606; x_wconf 86' lang='lat' dir='ltr'>lata</span> <span class='ocrx_word' id='word_1_167' title='bbox 319 2555 395 2611; x_wconf 88' lang='lat' dir='ltr'>videt,</span> <span class='ocrx_word' id='word_1_168' title='bbox 411 2551 506 2613; x_wconf 89' lang='lat' dir='ltr'>triplici</span> <span class='ocrx_word' id='word_1_169' title='bbox 520 2550 679 2599; x_wconf 86' lang='lat' dir='ltr'>circumdata</span> <span class='ocrx_word' id='word_1_170' title='bbox 691 2564 777 2609; x_wconf 84' lang='lat' dir='ltr'>muro,</span> 
     </span>
     <span class='ocr_line' id='line_1_27' title="bbox 66 2637 813 2708; baseline -0.013 -11"><span class='ocrx_word' id='word_1_171' title='bbox 66 2653 117 2697; x_wconf 88' lang='grc'>550</span> <span class='ocrx_word' id='word_1_172' title='bbox 137 2660 203 2708; x_wconf 84' lang='lat' dir='ltr'>quae</span> <span class='ocrx_word' id='word_1_173' title='bbox 216 2645 321 2708; x_wconf 87' lang='lat' dir='ltr'>rapidus</span> <span class='ocrx_word' id='word_1_174' title='bbox 334 2640 443 2690; x_wconf 85' lang='lat' dir='ltr'>flammis</span> <span class='ocrx_word' id='word_1_175' title='bbox 457 2638 538 2686; x_wconf 87' lang='lat' dir='ltr'>ambit</span> <span class='ocrx_word' id='word_1_176' title='bbox 550 2637 706 2687; x_wconf 87' lang='lat' dir='ltr'>torrentibus</span> <span class='ocrx_word' id='word_1_177' title='bbox 719 2639 813 2698; x_wconf 83' lang='lat' dir='ltr'>amnis,</span> 
     </span>
    </p>
   </div>
   <div class='ocr_carea' id='block_1_3' title="bbox 126 2726 852 2799">
    <p class='ocr_par' dir='ltr' id='par_1_3' title="bbox 126 2726 852 2799">
     <span class='ocr_line' id='line_1_28' title="bbox 126 2726 852 2799; baseline -0.015 -17"><span class='ocrx_word' id='word_1_178' title='bbox 126 2733 269 2785; x_wconf 78' lang='lat' dir='ltr'>Tartareus</span> <span class='ocrx_word' id='word_1_179' title='bbox 281 2731 453 2799; x_wconf 80' lang='lat' dir='ltr'>Phlegethon</span> <span class='ocrx_word' id='word_1_180' title='bbox 466 2735 626 2792; x_wconf 67' lang='lat' dir='ltr'>torquetque</span> <span class='ocrx_word' id='word_1_181' title='bbox 637 2726 762 2774; x_wconf 63' lang='lat' dir='ltr'>sonanda</span> <span class='ocrx_word' id='word_1_182' title='bbox 771 2741 852 2790; x_wconf 62' lang='lat' dir='ltr'>aaut.⁸</span> 
     </span>
    </p>
   </div>
   <div class='ocr_carea' id='block_1_4' title="bbox 0 47 913 2956">
    <p class='ocr_par' dir='ltr' id='par_1_4' title="bbox 0 47 913 2956">
     <span class='ocr_line' id='line_1_29' title="bbox 0 47 913 2956; baseline 0 0"><span class='ocrx_word' id='word_1_183' title='bbox 0 47 913 2956; x_wconf 95' lang='lat' dir='ltr'> </span> 
     </span>
    </p>
   </div>
  </div>
 </body>
</html>
