1808 2956
2 191 3 196 ¹
61 176 121 230 fet
299 192 326 231 a
344 187 465 231 vaaolnr
481 187 614 230 uaaours

129 346 250 409 Lucagus
262 354 292 395 ut
302 361 400 410 pronus
412 346 527 410 pendens
540 346 568 394 in
580 345 690 395 verbera
702 347 757 395 telo

131 436 266 484 admonuit
278 434 390 498 biiugos,
406 435 521 498 proiecto
535 435 597 482 duur
610 435 678 497 pede
692 435 768 484 laevo

130 531 201 587 aptat
215 539 241 572 se
255 539 366 586 pugnae,
382 523 451 572 subit
463 537 520 571 oras
534 522 610 570 hasta
623 538 670 585 per
683 524 752 572 imas

131 613 252 674 fulgentis
266 612 350 674 clipei,
366 618 420 658 turn
434 611 533 658 laevom
548 611 664 673 perforat
676 612 793 674 inguaa3

61 706 111 749 590
131 715 253 749 excussus
267 713 342 748 curru
356 697 525 746 moribundus
539 700 650 747 volvitur
663 701 743 750 arvis.

131 804 206 852 quern
220 789 277 852 pius
290 790 393 837 Aeneas
407 788 482 836 dietis
496 787 599 835 adfatur
611 789 720 836 amaria.

125 866 251 939 ‘Lucage
266 877 339 924 nulla
351 883 409 924 tuos
423 891 510 924 currus
524 875 586 937 fuga
598 877 687 937 segnis
702 893 828 941 equorum

130 966 243 1028 prodidit
256 972 300 1012 aut
312 979 393 1013 ranae
406 972 503 1012 vertere
517 978 549 1012 ex
562 964 681 1012 hostibus
695 967 821 1026 umbrae;

129 1054 184 1117 ipse
197 1054 259 1101 rotis
272 1054 367 1101 saliens
380 1053 441 1114 iuga
454 1044 569 1101 deseris.’
594 1052 660 1100 haec
672 1053 712 1101 ita
726 1055 796 1104 fatus

61 1147 110 1191 595
130 1142 239 1204 arripuit
251 1141 369 1203 biiugos3
390 1141 467 1189 frater
480 1139 602 1187 tendebat
615 1140 705 1189 inertis

129 1229 220 1277 infelix
233 1230 341 1292 palmas,
357 1244 432 1278 curm
446 1228 566 1291 delapsus
580 1229 689 1276 eodem:

126 1308 182 1380 ‘per
195 1325 228 1376 te,
243 1332 289 1380 per
302 1318 345 1379 qui
359 1325 383 1366 te
397 1318 475 1365 talem
487 1330 599 1378 genuere
612 1327 747 1379 parentes,

128 1405 167 1453 vir
179 1405 305 1465 Troiane,
327 1405 382 1454 sine
400 1406 468 1454 hano
487 1405 601 1452 animant
620 1411 645 1453 et
664 1407 793 1459 miserere
810 1424 843 1474 prt

431 1485 531 1542 cantis'

129 1582 245 1646 pluribus
259 1581 342 1630 oranti
355 1581 467 1641 Aeneas,
479 1572 560 1631 ‘haud
574 1581 637 1629 talia
650 1583 755 1634 dudum

60 1676 110 1719 600
131 1671 200 1719 dicta
213 1670 300 1719 dabas.
328 1685 428 1719 morere
442 1677 467 1719 et
479 1670 585 1718 fratrem
597 1685 630 1718 na
643 1670 736 1722 desere
751 1667 843 1725 frater-¹

130 1767 193 1818 turn,
208 1759 320 1808 latebras
334 1759 445 1818 animae,
461 1765 548 1822 pectus
561 1773 686 1808 mucrone
700 1765 823 1814 recludit.

129 1848 193 1896 talia
205 1862 250 1911 per
264 1862 368 1910 campos
382 1846 475 1896 edebat
486 1847 577 1895 funera
590 1847 683 1895 ductor

129 1935 287 1995 Dardanius,
303 1936 423 1984 torrentis
437 1936 572 1998 aquaevel
586 1935 697 1984 turbinis
712 1941 763 1988 atri

129 2038 201 2072 more
214 2009 309 2072 furens.
337 2026 442 2072 tandem
455 2030 592 2086 erumpunt
605 2032 724 2073 eteastra
732 2030 843 2080 relincm

60 2116 109 2160 605
129 2112 259 2160 Ascanius
272 2127 335 2175 puer
349 2120 373 2161 et
387 2114 544 2176 nequiquam
558 2111 663 2160 obsessa
676 2114 810 2167 iuventus.

164 2199 291 2249 Iunonem
304 2201 402 2250 interea
416 2203 555 2264 compellat
567 2202 684 2264 Iuppiter
697 2205 778 2254 ultro.

126 2279 153 2336 ‘0
166 2303 290 2351 germana
302 2289 365 2336 mihi
379 2296 456 2351 atque
470 2291 559 2339 eadam
573 2290 722 2351 gratissima
735 2297 844 2345 eonion:

130 2385 158 2425 ut
170 2376 269 2435 rebare,
284 2377 372 2425 Venus
386 2377 446 2440 (nee
459 2386 483 2426 te
496 2380 625 2427 sententia
636 2379 716 2442 fallit)

128 2465 257 2513 Troianas
271 2472 396 2514 sustentat
409 2480 479 2527 opes,
495 2482 548 2514 non
561 2467 646 2515 vivida
658 2468 729 2517 bello

59 2558 111 2602 610
131 2554 222 2602 dextra
233 2553 293 2600 viris
306 2554 459 2616 animusque
471 2553 544 2603 ferox
557 2555 711 2619 patiensque
724 2555 840 2621 pericli.’

81 2711 85 2718 .
122 2645 166 2698 eui
177 2643 248 2696 luno
260 2632 491 2708 submissa‘qnid,
504 2658 520 2690 a
532 2641 708 2706 putaueram
719 2649 844 2694 aonam.
