1808 2956
58 178 117 224 366
295 186 320 224 P.
337 186 459 224 l'ERGlLl
479 186 611 226 nanosls

125 342 177 388 iam
189 352 243 389 tum
257 342 349 403 religio
363 342 470 404 pavidos
483 343 595 391 terrebat
607 346 721 405 agrestis

56 434 107 477 350
127 431 183 477 dira
195 430 256 488 loci,
271 430 322 477 iam
336 439 390 476 tum
404 429 495 477 silvam
508 446 655 494 saxumque
668 435 826 486 tremebant.

122 509 184 567 ‘hoc
197 533 296 575 nemus,
311 509 387 564 hunc'
400 518 484 579 inquit
493 509 630 567 ‘frondoso
643 523 743 572 vertice
756 526 856 581 collem,

127 609 183 670 quis
207 608 269 655 deus
293 607 418 654 incertum
438 617 490 664 est,
512 607 613 655 habitat
633 610 717 671 deus3
745 615 857 663 Arcades

427 695 512 757 ipsum

127 785 235 833 credunt
248 799 274 831 se
288 783 381 831 vidisse
394 784 489 841 lovem,
506 800 564 831 cum
577 800 656 848 saepe
669 789 823 850 nigrantem

128 874 222 934 aegida
235 881 382 920 concuteret
395 872 485 920 dextra
498 873 653 936 nimbosque
667 877 759 926 cieret.

57 968 107 1010 355
127 962 192 1009 haec
205 962 256 1009 duo
271 970 402 1022 praeterea
415 960 528 1008 disiectis
542 962 639 1024 oppida
653 967 748 1026 muris,

127 1051 249 1112 reliquias
262 1057 427 1110 veterumque
440 1050 509 1096 tides
522 1059 692 1099 monumenta
706 1054 833 1103 1110111111.

127 1140 195 1188 hanc
208 1139 286 1186 lanus
299 1146 380 1198 pater,
395 1137 463 1185 hanc
476 1136 602 1185 Saturnus
621 1142 744 1189 condidit
755 1144 858 1202 urbem

126 1228 272 1276 Ianiculum
284 1225 353 1283 huic,
369 1225 408 1272 illi
422 1226 505 1274 fuerat
518 1225 641 1275 Saturnia
654 1224 775 1279 nomen.⁸
899 1214 901 1219 Ι

128 1315 221 1364 talibus
235 1315 301 1361 111101
313 1329 340 1361 se
353 1314 428 1361 dictis
448 1315 480 1360 ad
494 1324 561 1363 tecta
574 1315 698 1364 subibant

58 1411 108 1454 360
128 1405 247 1467 pauperis
260 1402 373 1450 Euandri
387 1403 535 1465 passimque
548 1413 666 1453 armenta
677 1406 806 1458 videbant

127 1494 298 1555 Romanoque
311 1491 368 1538 loro
382 1498 407 1539 01
419 1491 496 1538 lautis
510 1492 609 1553 mugire
623 1491 739 1542 Carinis.

129 1593 157 1631 ut
170 1591 272 1630 rentum
286 1581 318 1627 ad
332 1581 415 1639 sedes,
427 1569 510 1628 ‘haec’
524 1581 608 1643 inquit
617 1569 723 1632 ‘limina
737 1586 823 1634 victor

128 1673 233 1720 Alcides
247 1669 333 1727 subiit,
349 1669 413 1716 haec
426 1669 501 1715 illum
514 1669 585 1730 regia
599 1670 676 1732 cepit.

130 1763 210 1818 aude,
226 1761 334 1820 hospes,
356 1764 519 1805 contemnere
533 1772 594 1819 opes
608 1767 634 1805 et
646 1767 672 1806 10
685 1775 796 1824 quoque
810 1763 863 1825 dig·

430 1862 492 1893 num

59 1946 109 1988 365
130 1939 198 2000 finge
212 1938 260 1984 deo
274 1936 400 1997 rebusque
413 1936 469 1983 veni
484 1950 535 1982 non
549 1950 623 1997 asper
636 1929 747 1996 01101110.ι

130 2028 195 2075 dixit
208 2035 232 2074 01
244 2025 346 2087 angusti
360 2024 446 2071 subter
460 2025 563 2085 fastigia
576 2025 634 2071 tecti

129 2118 261 2178 ingentem
274 2117 382 2162 Aenean
396 2114 468 2160 duxit
480 2113 617 2174 stratisque
631 2113 727 2161 locavit

129 2205 246 2253 ellultum
260 2203 328 2251 foliis
342 2211 366 2250 et
379 2203 447 2265 pelle
459 2201 599 2263 Libystidis
613 2217 697 2250 ursae.

165 2293 224 2341 Nox
236 2294 288 2340 ruit
300 2301 325 2340 et
338 2292 416 2339 fuscis
430 2291 548 2338 tellurem
561 2290 726 2352 amplectitur
740 2293 801 2341 alis.

60 2391 111 2435 370
131 2393 157 2432 at
170 2383 257 2431 Venus
271 2382 340 2431 hnutl
354 2381 441 2428 animo
455 2379 612 2440 nequiquam
630 2379 755 2429 exterrita
768 2391 860 2442 mater,

130 2474 340 2534 Laurentumque
353 2470 429 2517 minis
443 2477 467 2516 et
481 2468 544 2513 duro
558 2475 629 2512 mota
641 2468 766 2529 tumultu,

131 2563 274 2612 Volcanum
299 2559 449 2624 adloquitur
469 2556 635 2616 thalamoque
654 2555 720 2604 haec
740 2560 862 2623 coniugis

436 2661 518 2700 aureo
