1808 2956
66 163 104 209 47
114 164 129 209 4
306 171 332 210 P.
349 169 471 209 VERGILI
492 168 627 208 athnoms

137 335 262 375 certantes
275 326 461 388 pulchramque
474 332 565 386 petunt
574 339 621 386 per
631 326 748 375 volnera
760 335 870 376 mortem.

171 417 208 463 At
219 415 317 463 medias
330 414 397 462 inter
410 413 501 461 caedes
515 413 618 460 exultat
631 415 773 474 Amazon,

136 518 217 550 unum
230 510 317 551 exerta
331 504 397 550 latus
410 515 522 563 pugnae,
539 501 695 562 pharetrata
711 501 838 562 Camilla,

66 596 117 639 650
137 599 162 640 et
175 607 243 638 nunc
257 592 328 639 lenta
340 605 418 637 manu
432 604 556 652 spargens
571 589 681 637 hastilia
696 592 803 650 denset,

137 695 206 728 nunc
220 680 331 727 validam
346 680 436 727 {lextra
448 677 516 739 rapit
528 676 659 724 indefessa
674 677 838 742 bipennem3

138 783 230 816 aureus
244 783 276 816 cx
288 782 377 815 umero
391 774 466 814 sonat
479 780 553 812 arcus
567 771 593 812 ct
605 780 682 814 arma
695 767 815 818 Dianae.

137 858 185 906 illa
197 857 284 914 etiam,
300 856 428 918 siquando
441 855 468 901 in
481 861 583 914 tergum
595 854 675 914 pulsa
689 858 811 909 recessit.

138 946 239 1008 spicula
251 959 374 993 converso
387 942 513 1005 fugientia
527 942 616 1002 dirigit
629 957 704 991 arcu.

68 1039 119 1082 655
140 1041 165 1082 at
178 1034 275 1081 circum
288 1034 370 1081 lectae
384 1031 498 1089 comites,
513 1030 665 1092 Larinaque
679 1032 758 1095 virgo

139 1122 269 1182 Tullaque
282 1130 307 1168 ct
320 1128 433 1168 aeratam
447 1119 565 1180 quatiens
578 1117 695 1179 Tarpeia
709 1122 834 1179 securim,

139 1208 252 1264 Italides,
269 1223 333 1268 quas
346 1207 403 1268 ipsa
416 1208 493 1253 docus
507 1205 555 1252 sibi
569 1205 613 1252 dia
626 1204 747 1255 Camilla

141 1292 237 1354 delegit
250 1295 372 1355 pacisque
386 1294 467 1341 bonas
481 1293 594 1354 bellique
608 1293 755 1352 ministras,

141 1382 229 1444 quales
243 1381 378 1429 Threiciae
392 1381 570 1430 eumdumius
582 1380 795 1433 Thermodontis

67 1475 120 1519 660
139 1471 244 1532 pulsant
256 1477 281 1517 ct
294 1469 368 1533 pictis
382 1470 511 1518 bellantur
524 1469 672 1516 Amazones
686 1472 782 1531 armis,

139 1573 183 1606 seu
198 1558 294 1606 circum
307 1557 463 1620 Hippolyten
477 1572 522 1605 seu
536 1573 594 1605 eum
607 1571 633 1604 se
647 1557 749 1608 Martia
765 1575 840 1610 curru

139 1647 303 1695 Penthesilea
315 1646 400 1705 refert,
416 1660 564 1707 magnoque
577 1646 697 1693 ululante
712 1651 828 1698 tumultu

140 1735 252 1783 leminea
264 1736 382 1783 exultant
395 1735 490 1782 lunatis
503 1735 608 1794 agmina
620 1735 709 1796 peltis.

140 1837 216 1884 quem
230 1823 280 1870 telo
288 1824 408 1886 primum,
425 1837 502 1885 quem
509 1829 677 1884 postremum,
688 1841 788 1889 aspera
794 1829 866 1890 virgo,

68 1915 119 1958 665
141 1910 238 1958 deicis?
256 1920 300 1958 aut
314 1919 376 1974 quot
390 1911 460 1958 humi
474 1911 611 1958 morientia
625 1927 740 1976 corpora
754 1915 855 1965 fundis?

140 1998 256 2046 Euneum
271 1998 356 2062 Clytio
370 2000 481 2062 primum
494 2008 581 2062 patre:
604 2001 677 2048 cuius
691 2014 817 2065 apertum

140 2088 238 2136 adversi
251 2088 331 2149 longa
343 2088 532 2136 transverberat
545 2089 627 2136 abiete
640 2098 749 2152 pectns3

139 2176 273 2237 sanguinis
287 2177 331 2224 ille
344 2191 448 2224 vomens
462 2177 528 2224 rivos
543 2177 612 2224 cadit
625 2184 704 2239 atque
718 2192 855 2231 cruentam

139 2266 239 2313 mandit
252 2265 358 2312 humum
371 2265 535 2327 moriensque
553 2280 600 2312 suo
618 2280 645 2314 se
658 2266 686 2313 in
700 2271 812 2320 voluere
825 2285 872 2319 rer·

441 2362 489 2401 sat.

67 2448 119 2493 670
139 2450 193 2490 tum
207 2442 288 2490 Lirim
301 2442 483 2504 Pagasumque
502 2457 593 2504 super:
615 2456 728 2504 quorum
750 2447 821 2496 alter
832 2447 874 2495 ha·

440 2529 520 2578 henas

132 2623 248 2676 suffosso
263 2621 400 2674 revolutus
413 2633 483 2683 equo
497 2619 562 2665 dum
572 2617 684 2673 colluam,
696 2620 763 2665 alter
