1808 2956
239 209 386 248 nuumoos
405 190 492 248 mauu
509 211 552 248 xi.
739 203 800 249 475

74 366 135 413 dum
149 363 217 411 subit
230 379 260 412 ac
274 365 390 412 dextram
404 365 499 413 labenti
513 366 596 413 tendit
608 366 741 426 inermem,

74 454 227 517 praecipites
241 453 386 514 pariterque
400 461 485 500 rnout.
514 454 552 500 his
566 455 640 502 addit
652 456 801 503 Amastrum

74 541 240 605 Hippotaden
254 541 420 602 sequiturque
433 542 584 590 incumbens
597 544 697 591 eminus
711 543 786 591 hasta

28 639 51 679 ’5
74 631 208 692 Tereaque
223 614 448 690 Harpalycumque
468 637 492 677 et
505 630 707 693 Demophoonta
720 630 803 680 Chro-

376 718 506 780 mimque;

75 795 190 868 quotque
204 805 296 853 emissa
309 820 387 854 manu
401 807 526 854 contorsit
539 808 639 869 spicula
651 809 733 870 virgo,

74 901 113 942 tot
125 894 231 956 Phrygii
245 894 360 942 cecidere
372 894 427 940 viri.
456 896 546 956 procul
561 895 673 958 Ornytus
690 897 767 944 armis

75 983 170 1043 ignotis
184 990 209 1030 et
221 997 288 1045 equo
302 989 408 1030 venator
420 983 515 1045 Iapyge
528 984 616 1043 fertur,

75 1071 115 1117 cui
129 1070 204 1132 pellis
218 1072 283 1118 latos
297 1085 399 1117 umeros
412 1079 499 1132 erepta
512 1072 619 1120 iuvenco

28 1165 55 1206 30
74 1158 213 1218 pugnatori
227 1158 317 1219 operit,
334 1163 412 1218 caput
424 1157 515 1217 iugens
529 1159 580 1204 oris
593 1159 678 1206 hiatus

77 1252 101 1291 et
113 1244 196 1292 malae
209 1253 294 1293 texere
308 1245 362 1307 lupi
376 1260 434 1292 cum
448 1244 566 1292 dentibus
584 1246 658 1306 albis,

76 1333 233 1396 agrestisque
246 1349 337 1382 manus
351 1340 434 1380 armat
447 1348 547 1395 sparus,
562 1335 616 1397 ipse
630 1336 737 1384 catervis

75 1421 179 1468 vertitur
192 1423 218 1469 in
232 1422 322 1470 mediis
336 1428 361 1468 et
373 1428 427 1469 toto
442 1423 536 1470 vertice
549 1432 659 1485 suprast.

74 1509 143 1556 hunc
167 1509 214 1556 illa
235 1515 370 1570 exceptum
396 1508 492 1571 (neque
517 1511 585 1558 enim
607 1510 682 1559 labor
701 1512 804 1574 agmine

375 1591 460 1659 verso)

28 1691 53 1733 35
75 1683 160 1731 traicit
174 1691 198 1730 et
211 1698 287 1745 super
300 1683 364 1731 haec
377 1684 482 1731 inimico
496 1691 600 1747 pectore
612 1685 688 1732 fatur.

71 1763 152 1820 ‘silvis
165 1779 199 1828 te,
215 1770 356 1832 Tyrrhene,
371 1771 438 1818 ieras
453 1772 550 1832 agitare
563 1773 675 1835 putasti?

75 1861 179 1910 advenit
191 1860 235 1921 qui
249 1865 333 1908 vestra
347 1859 399 1907 dies
414 1859 581 1907 muliebribus
596 1860 673 1908 armis

74 1950 151 1998 verba
164 1948 331 2009 redarguerit.
353 1962 449 1995 nornen
459 1956 546 1995 tamen
556 1948 626 1997 haud
637 1949 692 1996 leve
702 1956 805 2011 patrum

75 2038 194 2086 manibus
207 2037 258 2084 hoc
271 2037 372 2096 reseres,
388 2038 440 2085 telo
455 2037 577 2085 cecidisse
592 2029 740 2085 Camillae.³

28 2132 55 2174 ³0
74 2127 191 2188 protinus
206 2125 372 2174 Orsilochum
385 2134 410 2174 et
421 2127 521 2184 Buten,
544 2126 596 2173 duo
609 2126 724 2174 maxima
737 2125 805 2173 Teu·

378 2230 449 2262 crum

77 2316 200 2363 corpora:
222 2303 266 2350 sed
279 2303 364 2349 Buten
377 2317 493 2350 aversum
507 2303 613 2366 cuspide
626 2303 682 2350 lixit

76 2390 183 2438 loricam
196 2392 350 2453 galeamque
364 2391 438 2450 iuter,
455 2407 507 2454 qna
520 2392 588 2440 colla
600 2391 712 2439 sedentis

75 2478 162 2526 lucent
175 2487 200 2527 et
213 2480 286 2527 laevo
300 2479 427 2542 dependet
439 2494 529 2542 parma
542 2481 638 2528 lacerto
649 2496 655 2538 3

75 2567 257 2626 Orsilochum,
280 2567 380 2629 fugiens
400 2582 575 2632 magnumque
589 2569 690 2630 agitata
703 2581 753 2626 per
767 2582 812 2610 ax-

378 2657 451 2719 bern,
