1808 2956
106 179 167 226 lto
344 188 371 226 e.
388 187 509 225 ventum
529 186 662 224 utatisls

175 354 200 392 et
211 344 339 405 gremium
352 353 411 390 ante
424 358 498 390 suom
511 343 593 390 multa
606 343 629 389 η’
643 344 765 392 concitus
779 346 869 394 aufert.

104 438 154 483 745
175 434 274 481 tollitur
286 432 314 479 iu
328 433 428 479 eaelum
441 432 540 479 clamor
553 431 692 493 cunctique
706 431 799 481 Latini

175 528 321 570 convertere
334 520 433 598 oqulos.
461 521 531 567 volat
543 520 633 580 igneus
646 534 764 582 aequore
776 522 893 571 Tarehuu

175 624 247 658 arma
260 609 394 669 urumque
407 608 505 666 ferens3
520 618 574 655 tum
584 623 687 656 summa
695 608 783 671 ipsius
794 611 829 659 ab
837 610 893 658 lte-31⁸

175 698 297 758 defringit
309 696 405 744 ferrum
418 704 442 744 et
455 697 535 758 partis
548 698 656 743 rimatur
668 708 785 758 apertas,

175 802 227 849 qua
239 785 331 832 volnus
345 785 422 833 letale
435 784 508 841 ferat,
524 795 615 832 contra
628 785 672 832 ille
686 800 840 847 repugnans

105 881 155 925 750
175 875 284 922 sustinet
296 889 312 922 a
324 874 414 935 iugulo
428 874 545 920 dextram
558 882 583 921 et
595 874 646 920 vim
660 873 759 921 viribus
772 877 837 923 exit.

175 972 253 1025 utque
266 962 357 1009 volans
371 963 422 1010 alte
435 971 537 1023 raptum
551 977 609 1009 cum
623 961 694 1008 fulva
707 962 851 1012 draconem

175 1053 223 1101 sert
236 1050 325 1114 aquila
338 1050 509 1112 inplicuitque
522 1051 600 1112 pedes
614 1058 692 1111 atque
703 1052 840 1113 unguibus
848 1051 892 1098 hae

474 1139 524 1195 εἰη

174 1227 277 1275 saucius
290 1234 317 1272 at
328 1240 432 1287 serpens
445 1226 551 1273 sinuosa
563 1226 696 1273 volumina
709 1238 798 1277 versat

175 1315 331 1377 arrectisque
345 1313 432 1362 horret
445 1314 560 1376 squamis
574 1321 598 1361 el
611 1313 699 1362 sibilat
711 1329 768 1374 ore,
801 1336 805 1341 ²

105 1410 155 1455 755
175 1405 270 1452 arduos
283 1403 435 1464 insu1gens3
456 1403 502 1450 illa
515 1403 584 1450 haud
598 1402 683 1449 miuus
697 1414 793 1465 urguet
806 1406 893 1453 obunco

175 1495 316 1542 luctantem
329 1498 421 1549 rostro,
436 1491 513 1538 simul
527 1490 631 1538 aethera
644 1491 765 1540 verberat
777 1495 842 1542 alia:

175 1582 244 1629 haud
258 1580 333 1628 aliter
347 1579 468 1642 praedam
476 1579 613 1626 Tiburtum
626 1594 658 1626 ex
671 1581 779 1641 agmine
786 1582 894 1630 Tarchon

175 1678 262 1733 portat
274 1683 362 1717 ovans,
390 1667 462 1715 ducis
476 1669 621 1730 exemplum
636 1676 812 1745 eventumque
828 1665 893 1718 seculi

174 1758 329 1807 Maeonidae
342 1758 484 1805 incurrunt.
512 1765 566 1815 tum
580 1756 638 1803 fatis
655 1756 758 1805 debitus
771 1759 869 1806 Arruns

106 1851 156 1896 760
175 1847 290 1895 velocem
303 1846 388 1894 iaculo
402 1853 427 1892 et
439 1845 521 1892 multa
535 1844 605 1906 prior
618 1852 672 1892 arte
686 1843 829 1894 Camillam

176 1934 267 1982 circuit
279 1941 304 1982 et
317 1949 383 1997 quae
396 1934 429 1981 sit
442 1934 546 1981 fortuna
558 1934 684 1981 facillima
696 1941 817 1997 temptat.

176 2037 267 2084 quase
280 2037 390 2085 cumque
403 2022 490 2070 furens
503 2022 589 2069 medio
602 2022 661 2069 tulit
673 2023 781 2083 agmine
793 2023 872 2084 virgo,

175 2110 225 2158 hac
236 2113 337 2159 Arruns
350 2111 419 2158 subit
432 2117 457 2158 et
469 2110 562 2158 tacitus
575 2110 683 2171 vestigia
696 2110 808 2171 lustret3

176 2213 228 2261 qua
240 2199 332 2247 uctn'x
349 2200 416 2248 redit
431 2199 479 2247 illa
491 2199 634 2261 pedemque
647 2213 680 2246 ex
693 2197 769 2248 hoste
782 2203 895 2264 reportat.

106 2292 155 2336 765
176 2289 225 2336 hac
237 2288 335 2336 iuvenis
349 2288 436 2335 furtim
450 2287 540 2335 celeris
553 2287 689 2348 detorquet
702 2286 829 2336 habenas.

176 2375 223 2424 hos
237 2377 322 2424 aditus
335 2376 439 2437 iamque
452 2375 500 2423 hos
513 2375 598 2422 aditus
611 2389 768 2437 omnemque
781 2378 890 2439 pererrat

176 2464 290 2526 undique
309 2464 444 2512 circuitum
463 2470 489 2512 et
507 2471 604 2511 certam
621 2463 706 2525 quatit
722 2463 850 2527 inprobus
862 2463 897 2510 ha·

476 2559 550 2599 stam.

165 2643 238 2697 forte
249 2659 327 2697 sacer
341 2642 460 2711 Cybelae
473 2639 603 2692 Cltloteua
616 2638 732 2698 olimque
742 2639 862 2686 aaeexdou

52 2754 108 2783 h»
