1808 2956
64 184 124 232 :388
302 190 328 228 P.
345 188 467 228 vnao1u1
488 187 620 225 usaours

133 354 245 396 rectores
257 347 378 394 iuvenum
392 353 416 393 et
429 358 514 392 rerum
528 343 599 390 dedit
612 357 669 391 esse
683 345 835 406 magistros.

135 435 218 483 omnis
232 449 278 497 per
289 448 376 480 muros
390 433 470 495 legio,
486 432 577 479 sortita
590 431 731 493 periclum,

135 523 246 572 excubat
259 528 411 583 exercetque
425 521 501 578 vices,
517 520 587 582 quod
602 520 700 582 cuique
709 523 869 570 tuendumst.

170 611 246 659 Nisus
260 618 314 659 erat
327 617 417 672 portae
431 618 526 667 custos,
542 608 684 656 acerrimus
698 611 791 668 armis,

67 706 115 750 175
136 699 296 762 Hyrtacides,
312 699 433 746 comitem
445 698 551 745 Aeneae
564 711 642 759 quem
655 698 768 746 miserat
781 699 827 746 lda

136 788 260 845 venatrix,
275 787 362 835 iaculo
376 787 485 835 celerem
497 785 649 848 laribusque
662 786 780 848 sagittis,

136 885 162 925 et
173 877 245 923 iuxta
259 890 344 923 comes
356 874 493 936 Euryalus,
510 888 562 936 quo
576 873 712 936 pulchrior
726 875 796 924 alter

137 979 189 1012 non
202 964 250 1011 suit
262 963 415 1010 Aeneadum
428 963 543 1009 Troiana
555 976 640 1024 neque
653 962 742 1010 induit
756 979 840 1017 arma.

137 1068 183 1101 ora
196 1066 259 1114 puer
272 1051 356 1113 prima
369 1050 475 1111 signans
488 1050 592 1097 intonsa
604 1049 720 1099 iuventa.

68 1147 117 1190 180
137 1140 177 1187 his
191 1154 263 1187 altior
275 1153 342 1186 unus
356 1147 410 1186 erat
423 1139 569 1200 pariterque
581 1139 609 1185 in
622 1137 694 1185 bella
707 1139 838 1199 rnclsant3

137 1235 191 1276 tum
205 1241 309 1289 quoquc
322 1227 452 1274 communi
466 1235 568 1289 portam
581 1227 694 1274 statione
707 1227 843 1276 tenebant.

137 1315 213 1364 Nisus
227 1315 263 1362 ait
272 1305 344 1362 ‘dine
357 1315 425 1362 hunc
439 1315 558 1362 ardorem
571 1314 700 1362 mentibus
714 1315 828 1374 addunt,

137 1404 256 1466 Euryale,
273 1418 306 1450 an
320 1417 367 1450 sua
380 1403 473 1465 cuique
487 1403 549 1450 deus
562 1402 590 1449 fit
604 1401 660 1449 dira
672 1403 793 1465 cupido?

139 1501 183 1541 aut
195 1506 309 1554 pugnam
329 1499 373 1538 aut
392 1491 492 1553 aliquid
506 1491 649 1539 iandudum
662 1490 789 1541 invadere
803 1507 873 1554 mag·

432 1594 494 1627 num

70 1675 118 1719 185
139 1684 210 1718 mens
224 1669 305 1730 agitat
317 1667 381 1714 mihi
397 1682 444 1715 nec
458 1667 562 1729 placida
576 1673 698 1714 contenta
712 1669 835 1730 quietest.

139 1759 221 1808 cernis
235 1772 302 1820 quae
315 1756 424 1803 Rutulos
437 1755 532 1802 habeat
544 1754 639 1802 fiducia
652 1769 748 1804 rerum.

140 1847 238 1895 lumina
250 1860 308 1894 rara
321 1844 426 1901 micant,
442 1857 533 1891 somno
547 1843 658 1905 vinoque
670 1845 752 1892 soluti

140 1934 306 1997 procubuere,
321 1933 399 1980 silent
411 1933 465 1981 late.
476 1932 543 1979 loca.
571 1931 675 1994 percipe
689 1947 770 1994 porro

140 2023 202 2084 qnid
216 2022 329 2069 dubitem
343 2028 367 2068 et
380 2035 447 2082 quae
461 2020 870 2087 nuncanimosententiasurgat.

71 2116 120 2160 190
139 2112 246 2158 Aenean
261 2109 337 2158 acciri
352 2123 449 2166 omnes,
465 2108 629 2171 populusque
641 2116 792 2172 patresque,

140 2206 282 2261 exposcunt
295 2198 412 2258 mittique
425 2198 491 2243 viros
506 2197 549 2258 qui
564 2204 633 2244 certa
645 2206 788 2259 reportent.

139 2287 170 2346 si,
186 2287 231 2334 tibi
245 2301 312 2350 quae
324 2301 414 2349 poseo,
431 2286 584 2348 promittunt
597 2284 669 2346 (nam
683 2285 747 2333 mibi
763 2287 825 2336 sacti

141 2377 209 2425 fama
222 2384 262 2424 sat
274 2375 333 2438 est),
348 2375 447 2421 tumulo
460 2373 549 2421 videor
561 2373 671 2435 reperire
685 2374 733 2421 sub
748 2377 796 2424 illo

140 2479 216 2528 posse
229 2465 296 2512 viam
310 2463 343 2511 ad
356 2477 443 2510 muros
456 2470 481 2510 et
494 2462 598 2509 moenia
611 2455 771 2511 Pallantea.³

72 2560 120 2603 195
141 2552 264 2616 obstipuit
276 2566 373 2613 magno
386 2551 492 2599 laudum
506 2565 641 2612 percussus
655 2565 744 2600 amorc

125 2644 279 2711 Eurralus5
299 2643 381 2694 simul
394 2642 438 2693 his
452 2641 590 2690 ardentem
602 2637 705 2684 adlatur
719 2639 845 2683 amicam.
