1808 2956
279 195 427 234 asnarnos
446 197 532 234 nrnnn
547 198 608 236 vm.
781 191 840 237 355

53 357 89 399 65
113 350 157 397 hic
170 350 233 398 mihi
247 365 342 411 magna
355 352 455 410 domus,
472 353 547 400 celsis
558 354 756 414 caputurbibus‚
772 349 844 404 exit'

149 439 231 496 Dixit,
248 439 340 487 deinde
354 441 412 487 lacu
425 440 516 488 fluvius
529 455 556 488 se
570 441 686 488 condidit
698 443 761 503 alto,

112 527 166 573 ima
179 534 284 589 petens3
305 543 358 575 nox
370 529 478 576 Aenean
492 543 649 590 somnusque
662 531 776 593 reliquit.

113 616 196 677 surgit
209 624 234 664 ct
246 617 352 664 aetherii
367 623 485 678 spectans
500 617 609 664 orientia
622 619 684 666 solis

113 705 214 752 lumina
226 705 274 752 rite
288 705 355 752 cavis
368 705 465 751 undam
479 704 511 750 de
524 704 629 752 flumine
642 707 735 768 palmis

56 797 92 842 70
113 793 223 840 sustinet
236 807 266 841 ae
279 792 338 839 talis
353 792 462 840 effundit
474 792 507 840 ad
520 793 624 840 aethera
637 809 719 842 voces.

108 870 265 942 ‘nymphae‚
293 880 436 928 Laurentes
455 880 597 942 nymphae,
623 895 704 942 genus
724 884 844 932 amnibus

415 968 516 1025 undeet,

112 1065 192 1118 tuque
205 1071 220 1104 o
234 1057 330 1118 Thybri
344 1064 388 1103 tuo
402 1055 503 1117 genitor
517 1071 574 1103 curn
587 1056 692 1105 flumine
705 1067 804 1118 sancto,

112 1145 223 1207 accipite
236 1146 344 1193 Aenean
358 1152 383 1192 et
395 1145 500 1191 tandem
513 1152 597 1193 arcete
610 1146 721 1207 periclis.

113 1248 166 1296 quo
191 1240 216 1280 te
245 1247 355 1294 cumque
385 1234 456 1280 lacus
485 1232 648 1281 miserantem
678 1234 845 1284 incommoda

415 1328 504 1369 nostra

56 1416 91 1461 75
113 1411 185 1457 fonte
198 1415 276 1468 tenet,
292 1423 457 1470 quocumque
470 1410 526 1456 solo
540 1409 727 1471 pulcherrimus
741 1411 804 1468 exis,

112 1512 212 1559 semper
225 1497 324 1544 honore
337 1512 403 1555 meo,
420 1511 521 1558 semper
534 1496 696 1546 celebrabere
709 1498 792 1555 donis,

115 1587 234 1647 corniger·
248 1586 412 1647 hesperidum
426 1585 516 1632 fluvius
529 1592 651 1645 regnator
664 1600 799 1646 equarum.

113 1675 183 1723 adsis
197 1688 212 1721 ο
226 1680 325 1720 tantum
339 1681 364 1721 et
376 1673 482 1735 propius
496 1680 540 1719 tua
552 1673 659 1719 numina
672 1665 777 1721 firmes'

115 1764 152 1811 sio
165 1769 299 1820 memorat,
314 1762 483 1824 geminasque
496 1761 560 1820 legit
572 1760 604 1808 de
618 1761 700 1808 classe
712 1761 816 1810 biremis

60 1857 95 1900 80
116 1851 276 1912 remigioque
290 1858 369 1911 aptat,
386 1850 469 1897 socios
483 1848 559 1896 simul
572 1849 676 1895 instruit
688 1850 774 1897 armis.

148 1939 216 1987 Ecce
229 1947 315 1986 autem
328 1938 440 1984 subitum
454 1945 531 1999 atque
544 1937 626 1984 oculis
639 1937 757 1985 mirabile
769 1951 843 1985 mou-

415 2032 504 2082 strum,

114 2115 227 2164 candide
240 2129 285 2177 per
298 2114 388 2161 silvam
402 2128 460 2161 cum
473 2113 526 2160 fetu
540 2113 663 2160 concolor
676 2112 736 2160 albo

113 2203 252 2266 procubuit
263 2202 390 2263 viridique
403 2202 430 2248 in
444 2201 519 2248 litore
534 2201 691 2263 conspicitur
704 2215 756 2247 sus.

114 2306 193 2353 quam
207 2290 264 2353 pius
277 2291 379 2338 Aeneas
394 2289 440 2337 tibi
453 2289 530 2347 enim,
546 2289 601 2347 tibi,
616 2289 729 2336 maxima
741 2287 817 2346 Iuno,

57 2386 92 2429 85
114 2386 210 2427 mactat
222 2393 295 2426 sacra
309 2378 391 2426 ferens
405 2384 501 2425 etcum
514 2391 592 2438 grege
605 2377 671 2424 sistit
684 2376 716 2422 ud
730 2390 809 2424 arem.

114 2467 223 2528 Thybris
235 2481 266 2515 ea
277 2466 381 2513 fluvium
394 2480 471 2526 quam
483 2466 563 2526 longa
575 2471 695 2513 estnocte
701 2469 843 2511 tumentem

113 2556 188 2603 leniit
201 2562 225 2603 et
238 2554 316 2602 tacite
329 2553 438 2601 refluens
450 2553 487 2600 ita
500 2552 613 2600 substitit
624 2552 708 2608 unde,

109 2643 179 2688 mitis
194 2643 259 2688 utin
273 2657 375 2692 morem
390 2642 481 2707 stagni
493 2642 677 2707 piaeihaetpxe
687 2632 803 2736 ΨΜ

656 2720 702 2765 Ἡ
