1808 2956
249 181 396 221 snnnrnos
416 184 503 222 alana
521 185 560 223 1v.
741 177 801 225 235

78 353 144 401 quae
170 337 263 400 quibus
282 337 440 387 anteferam?
470 340 522 388 iam
547 341 599 389 iam
625 357 672 391 nec
691 344 806 392 maxima

264 413 267 418 ¹
378 427 445 476 Iuno

77 530 124 564 noo
138 514 273 564 Saturnius
287 515 351 564 haec
364 516 445 564 oculis
458 524 532 579 pater
544 518 637 580 aspicit
649 519 748 581 aequis.

77 617 205 665 nusquam
218 611 273 652 tuta
286 604 358 652 fides.
386 605 495 654 eiectum
508 606 592 665 litore,
609 615 726 668 egentem

78 692 167 754 excepi
181 699 206 740 et
218 693 292 754 regni
305 693 410 741 demens
424 694 450 740 in
464 701 536 757 parte
550 695 649 754 locavi3

30 787 57 831 15
78 781 198 828 amissam
212 782 330 839 classem,
345 781 430 830 socios
444 797 460 830 a
472 789 554 831 morte
567 784 667 831 reduxi.

78 870 128 918 heu
141 869 213 917 furiis
226 869 331 918 incensa
344 869 425 918 feror!
446 886 516 920 nunc
529 887 612 934 augur
624 874 732 935 Apollo,

78 973 147 1006 nnnc
159 959 255 1020 Lyciae
268 966 358 1017 sortes,
375 973 444 1007 nunc
457 967 482 1008 ot
493 961 554 1009 Iove
567 961 660 1008 missus
673 961 704 1008 ab
718 962 775 1025 ipso

77 1047 202 1110 interpres
216 1047 303 1094 divom
315 1047 365 1096 fert
376 1048 483 1095 horrida
495 1049 565 1096 iussa
577 1064 623 1112 per
636 1065 721 1098 auras.

78 1136 177 1185 scilicet
188 1136 209 1184 is
222 1137 321 1200 superis
335 1138 409 1185 labor
422 1142 468 1196 est,
484 1151 515 1185 ea
528 1153 590 1186 cnra
602 1137 703 1201 quietos

30 1228 60 1272 ΒΟ
80 1224 212 1273 sollicitat.
240 1240 324 1288 neque
337 1233 361 1274 te
375 1234 450 1275 teneo
463 1241 547 1289 neque
562 1227 631 1274 dicta
643 1227 749 1275 refello:

77 1313 95 1373 i,
111 1328 217 1376 sequere
230 1315 333 1363 Italiam
347 1316 437 1373 ventis,
453 1324 511 1378 pete
524 1330 605 1378 regna
617 1330 663 1378 per
675 1317 767 1363 undas.

78 1416 153 1465 spero
167 1403 286 1465 equidem
296 1405 396 1462 mediis,
412 1404 497 1467 siquid
511 1405 555 1467 pia
567 1404 675 1453 numina
685 1412 803 1468 possunt,

78 1491 206 1553 supplicia
217 1492 360 1540 hausurum
372 1493 486 1556 scopulis
500 1501 525 1542 et
537 1493 643 1541 nomine
656 1493 726 1540 Dido

78 1594 155 1642 saepe
168 1587 327 1628 vocaturum.
355 1596 449 1644 sequar
461 1583 523 1630 atris
536 1582 639 1643 ignibus
654 1581 755 1640 absens,

30 1673 58 1716 35
79 1675 112 1726 et,
128 1683 186 1716 oum
199 1667 293 1730 frigida
305 1684 374 1718 mors
388 1670 475 1718 anima
487 1670 618 1718 seduxerit
631 1677 709 1727 artus,

79 1758 197 1805 omnibns
211 1758 302 1806 umbra
315 1759 379 1806 locis
392 1760 479 1807 adero.
508 1758 595 1817 dabis,
611 1758 729 1821 inprobe,
745 1773 806 1821 poe-

380 1863 436 1895 nas.

79 1935 184 1983 audiam
194 1943 219 1983 et
232 1935 295 1983 haec
308 1951 397 1984 manes
409 1935 494 1984 veniet
506 1936 569 1983 mihi
583 1935 653 1985 fama
665 1935 712 1983 sub
720 1927 807 1983 imos’

79 2023 118 2071 his
132 2023 245 2071 medium
259 2025 333 2072 dictis
347 2039 491 2073 sermonem
505 2024 635 2087 abrumpit
647 2032 673 2074 et
685 2039 761 2085 aures

79 2127 157 2173 segra
169 2113 236 2173 sugit
249 2126 326 2174 seque
340 2127 372 2160 ex
386 2114 467 2161 oculis
482 2113 573 2161 avertit
585 2119 610 2160 et
623 2112 715 2170 aufert,

30 2205 59 2248 30
79 2201 199 2262 linquens
213 2202 295 2249 multa
308 2208 377 2248 metu
392 2208 556 2249 cunctantem
576 2209 600 2249 et
618 2201 701 2249 multa
719 2200 805 2248 volen-

381 2297 433 2337 tern

80 2379 173 2426 dicere.
201 2378 345 2440 suscipiunt
363 2377 477 2427 famulae
497 2377 673 2440 conlapsaque
690 2376 808 2425 membra

79 2482 224 2516 marmoreo
238 2467 352 2514 referunt
364 2466 480 2515 thalamo
494 2466 631 2528 stratisque
644 2471 781 2527 reponunt.

115 2556 151 2603 At
162 2556 220 2617 pius
232 2556 335 2604 Aeneas
350 2570 516 2620 quamquam
525 2555 616 2605 iemrc
627 2552 773 2600 benennam

70 2643 182 2691 solando
197 2646 270 2710 cupit
284 2654 312 2696 et
325 2647 407 2699 dictis
423 2654 553 2698 avertere
565 2654 662 2698 cnrass
