1808 2956
291 187 439 226 aaaaraos
462 188 549 226 urana
565 187 627 225 vm.
797 177 857 223 377

130 346 244 392 mulcere
258 345 371 391 alternos
385 351 410 391 et
423 357 532 405 corpora
546 343 641 404 lingere
655 342 753 402 lingua.

55 440 108 483 635
130 448 178 482 nee
196 432 286 495 proeul
300 433 361 479 hine
373 431 483 479 Romam
496 439 521 480 et
533 438 619 493 raptas
633 431 688 478 sine
701 444 773 478 more
786 429 863 478 Sabi—

432 535 479 567 nas

131 623 253 658 consessu
267 622 368 665 caveae,
384 608 485 668 magnis
500 606 664 656 Circensibus
678 608 751 666 actis,

131 698 266 746 addiderat
278 697 416 758 subitoque
429 711 522 743 novom
536 711 691 758 consurgere
704 696 800 744 bellum

130 786 275 835 Romulidis
289 785 417 846 Tatioque
430 785 485 832 seni
499 783 662 847 Curibusque
675 785 777 833 severis.

130 883 190 938 post
202 875 270 922 idem
282 875 349 921 inter
363 887 390 920 se
403 873 487 934 posito
502 874 641 921 certamine
654 887 726 934 reges

56 971 110 1013 640
132 965 223 1013 armati
237 963 304 1011 Iovis
318 970 378 1011 ante
391 976 462 1010 aram
476 971 630 1023 paterasque
643 968 759 1010 tenentes

131 1052 234 1101 stabant
246 1059 271 1099 et
284 1067 359 1100 caesa
372 1051 515 1111 iungebant
527 1050 632 1098 foedera
645 1065 733 1112 porea.

130 1141 200 1188 haud
212 1139 302 1203 procul
314 1140 374 1186 inde
387 1139 453 1187 citae
460 1139 568 1186 Mettum
576 1139 602 1184 in
610 1139 710 1186 diversa
718 1138 862 1201 quadrigae

132 1229 284 1276 distulerant
300 1228 339 1289 (at
351 1235 378 1274 tu
393 1228 475 1284 dietis,
492 1228 602 1285 Albane,
618 1241 734 1275 maneres
744 1226 765 1290 l)

131 1317 300 1379 raptabatque
313 1316 359 1362 viri
373 1315 504 1364 mendacis
517 1316 615 1363 viscera
627 1315 719 1363 Tullus

57 1411 110 1455 645
131 1420 177 1467 per
191 1405 281 1452 silvam
295 1411 320 1451 et
332 1404 413 1466 sparsi
428 1403 551 1452 rorabant
563 1405 689 1465 sanguine
702 1419 799 1466 vepres.

131 1507 245 1541 necnon
259 1492 430 1554 Tarquinium
444 1493 552 1540 eiectum
565 1492 699 1540 Porsenna
711 1493 817 1541 iubebat

132 1581 250 1642 accipere
263 1581 413 1642 ingentique
427 1580 515 1628 urbem
530 1579 664 1628 obsidione
677 1581 819 1643 premebat,

132 1669 271 1716 Aeneadae
284 1669 311 1716 in
325 1670 419 1717 ferrum
433 1684 479 1732 pro
493 1669 610 1716 libertate
623 1668 740 1716 ruebant.

133 1756 209 1802 illum
222 1755 367 1817 indignanti
381 1759 491 1805 similem
505 1757 667 1818 similemque
680 1757 789 1804 minanti

58 1851 113 1894 650
134 1844 270 1906 aspiceres,
286 1854 391 1907 pontem
405 1847 510 1894 auderet
523 1845 585 1907 quia
596 1846 691 1893 vellere
705 1844 798 1894 Coeles

133 1940 158 1981 et
170 1933 275 1981 flurium
286 1935 378 1982 vinclis
390 1936 492 1983 innaret
506 1933 606 1981 Cloelia
619 1934 710 1996 ruptis.

132 2022 159 2069 in
173 2037 273 2069 summo
288 2030 373 2070 custos
386 2022 513 2084 Tarpeiae
526 2023 639 2070 Manlius
653 2023 718 2071 arcis

132 2111 217 2158 stabat
229 2126 276 2172 pro
290 2112 387 2172 templo
401 2118 426 2158 et
439 2109 571 2173 Capitolia
584 2112 653 2159 celsa
666 2112 769 2160 tenebat

132 2199 313 2261 Romuleoque
326 2213 415 2246 recens
428 2199 550 2248 horrebat
562 2200 633 2261 regia
646 2200 741 2248 culmo.

61 2294 113 2336 655
134 2295 211 2350 atque
224 2288 266 2336 hie
280 2288 376 2334 auratis
389 2287 500 2335 volitans
514 2297 650 2350 argenteus
664 2303 739 2336 anser

132 2376 274 2439 porticibus
288 2374 379 2424 Gallos
392 2375 419 2423 in
433 2376 522 2424 limine
535 2376 625 2424 adesse
639 2376 755 2434 canebat,

135 2461 205 2512 Galli
219 2479 264 2526 per
277 2464 368 2511 dumos
383 2465 491 2511 aderant
503 2478 640 2526 arcemque
653 2464 785 2523 tenebant,

135 2553 232 2599 defensi
247 2551 357 2600 tenebris
371 2562 396 2600 et
409 2553 478 2603 dono
493 2553 575 2600 noetis
589 2567 704 2614 opaeae‘.

129 2654 208 2686 aurea
222 2641 349 2691 caesaries
363 2642 425 2691 ollis
439 2651 523 2709 atque
538 2657 624 2692 aurea
633 2639 732 2696 restis„
