1808 2956
60 176 119 224 4⁸26
298 184 323 223 Ρ.
341 183 462 223 vanum
482 181 613 223 tinnulus

128 341 264 390 Dardania
276 346 369 389 stratus
383 341 482 398 dextra,
497 353 602 388 securus
616 354 738 390 umorum

130 431 173 493 qui
187 431 307 478 iuvenum
320 429 367 477 tibi
380 443 480 491 semper
492 435 574 486 erant,
590 428 741 479 miserande
754 430 857 489 iaceres,

128 499 277 568 ni⁵fratrum
290 519 385 580 stipata
398 517 490 566 cohors
504 516 570 565 foret
582 516 668 577 obvia,
684 518 784 568 Phorci

128 609 274 671 progenies,
290 615 388 670 septem
400 621 516 665 numero,
532 612 692 669 septenaque
705 608 761 657 tela

58 702 109 745 330
130 697 274 745 coniciunt:
294 695 387 758 partim
400 695 476 757 galee
489 694 625 757 clipeoque
637 695 770 745 resultant

128 785 215 844 inrita,
231 784 334 834 deflexit
347 784 442 847 partim
454 783 607 846 stringentia
623 798 718 846 corpus

129 874 199 922 alma
211 873 308 922 Venus.
336 872 416 920 fidum
429 873 533 921 Aeneas
546 871 649 920 adfatur
661 873 797 923 Achaten.

128 963 247 1025 ‘suggere
260 962 313 1011 tela
324 961 403 1008 mihi:
425 976 478 1009 non
491 961 574 1009 ullum
587 961 695 1010 dextera
708 962 808 1013 frustra

130 1051 232 1100 torserit
255 1051 282 1098 in
307 1050 431 1110 Rutulos,
458 1056 583 1099 steterunt
607 1064 674 1113 quae
700 1051 728 1098 in
756 1065 859 1117 corpora

431 1136 539 1187 Graium

59 1233 110 1277 335
129 1227 216 1276 Iliacis
230 1218 348 1290 campie.²
371 1234 427 1276 tum
439 1242 562 1290 magnam
575 1227 682 1290 corripit
694 1227 802 1279 hastam

130 1323 156 1366 et
167 1316 241 1365 iacit:
262 1315 309 1365 illa
322 1316 412 1365 volans
427 1316 503 1380 clipei
516 1316 706 1365 transverberat
720 1333 783 1368 aero

129 1405 246 1454 Maeonis
260 1413 285 1454 et
297 1405 404 1454 thoraca
416 1405 494 1454 simul
508 1421 566 1455 cum
579 1411 683 1468 pectore
696 1408 805 1471 rumpit.

130 1495 190 1544 huic
202 1495 280 1544 frater
293 1494 362 1543 subit
374 1495 491 1544 Alcanor
504 1494 659 1557 fratremque
672 1503 795 1547 ruentem

130 1591 257 1634 sustentat
269 1585 373 1633 dextra:
395 1584 502 1632 traiecto
516 1584 596 1632 missa
608 1584 706 1632 lacerto

60 1679 111 1722 340
130 1675 247 1738 protinus
260 1674 336 1721 hasta
348 1671 414 1734 fugit
426 1679 560 1734 servatque
574 1680 680 1721 eruenta
692 1680 813 1724 tenorem

131 1764 287 1826 dexteraque
305 1777 336 1810 ox
354 1775 443 1810 umero
461 1762 544 1810 nervis
557 1761 714 1810 moribunda
727 1765 859 1827 pependit

131 1859 185 1899 tum
197 1851 316 1900 Numitor
329 1851 414 1899 iaculo
428 1850 512 1898 fratris
526 1850 558 1899 de
571 1865 679 1913 corpore
691 1860 767 1914 rapto

130 1940 238 1989 Aenean
252 1940 341 2002 petiit3
362 1939 407 1987 sed
421 1953 473 1987 non
487 1947 512 1987 et
525 1939 603 1999 ligere
616 1947 707 1987 contra

131 2036 169 2078 est
181 2029 279 2076 licitum
293 2028 432 2090 magnique
445 2027 528 2075 femur
541 2027 690 2090 perstrinxit
702 2028 833 2079 Achatnc.

60 2122 111 2166 345
131 2117 173 2165 hic
188 2116 307 2176 Curibus,
323 2117 405 2165 fidens
418 2117 549 2179 primaevo
563 2130 679 2178 corpore,
696 2115 812 2167 Clausus

130 2206 233 2254 advenit
246 2212 271 2253 et
282 2206 368 2267 rigida
379 2205 512 2268 Dryopem
525 2204 583 2252 serit
595 2204 695 2252 eminus
709 2204 787 2254 hasta

130 2294 177 2343 aab
191 2301 305 2343 mentum
318 2295 429 2356 graiiter
441 2309 530 2356 pressa
546 2293 693 2355 pariterque
706 2292 842 2356 loquentia

131 2399 220 2433 vocem
234 2384 399 2446 animamque
412 2382 480 2446 rapit
493 2382 600 2430 traiecto
613 2388 731 2443 gutture:
749 2391 777 2430 at
789 2383 836 2433 ille

131 2472 215 2522 fronte
235 2473 293 2521 ferit
310 2479 405 2520 terram
418 2477 443 2519 et
455 2485 568 2519 erassum
582 2470 662 2518 vomit
674 2484 718 2518 oro
732 2486 862 2521 cruorem.

62 2567 113 2610 350
133 2563 178 2610 tris
193 2576 296 2625 quoque
309 2560 443 2609 Threicios
456 2559 555 2607 Boreae
569 2559 600 2607 de
613 2566 689 2620 gente
702 2573 826 2621 suprema

122 2660 149 2705 et
162 2653 208 2706 trie
222 2669 291 2722 quos
303 2652 367 2705 Idas
380 2657 456 2719 pater
470 2656 497 2699 ct
507 2646 596 2710 patria
602 2645 709 2691 lemare
716 2646 811 2701 munt„
