1808 2956
269 175 418 215 naualoos
433 176 519 214 Llssan
538 177 588 220 VH.
766 169 824 215 321

100 332 158 394 quis
171 331 247 379 Latio
260 331 367 393 antiquo
381 331 457 379 fuerit
468 338 557 389 status,
574 332 672 380 advena
686 333 793 380 classem

99 435 159 469 oum
171 419 284 482 primum
296 419 420 467 Ausoniis
434 420 560 468 exereitus
574 420 674 483 adpulit
687 421 747 478 oris,

52 514 80 556 10
99 508 237 570 expediam
249 514 275 555 et
287 507 384 570 primae
397 508 523 555 revocabo
537 508 644 556 exordia
656 522 767 569 pugnae.

99 603 126 643 tu
140 603 233 652 vatem,
248 601 285 653 tu,
301 595 368 653 diva,
384 610 469 643 mone.
497 596 581 644 dicam
593 595 699 643 horrida
712 595 790 654 bella,

99 684 185 731 dicam
198 683 266 730 acies
280 690 403 745 actosque
416 683 508 731 animis
521 683 548 730 iu
561 683 652 731 funera
665 697 737 743 reges

99 771 313 833 Tyrrhenamque
332 786 438 819 manum
455 777 587 833 totamque
604 770 651 819 sub
670 786 742 819 arma
755 786 829 819 ooao-

401 866 453 906 tam

99 947 261 1009 Hesperiam.
288 947 371 994 maior
384 961 469 994 rerum
483 946 545 993 mihi
559 946 674 993 nascitur
687 948 760 1001 ordo,

52 1040 78 1083 15
100 1034 183 1081 maius
197 1049 262 1096 opus
275 1049 375 1082 moveo.
403 1049 448 1082 rex
461 1049 522 1081 arva
534 1034 642 1082 Latinus
656 1041 681 1081 et
693 1034 768 1082 urbes

99 1123 152 1170 iam
165 1122 251 1170 senior
264 1123 345 1183 longa
356 1122 472 1184 placidas
486 1121 512 1168 in
526 1137 589 1184 pace
602 1121 716 1182 regebat.

99 1212 169 1258 hunc
181 1210 271 1258 Fauno
289 1218 314 1258 et
331 1210 445 1272 nympha
457 1210 573 1271 genitum
585 1209 714 1258 Laurente
726 1210 825 1258 Marica

99 1299 256 1361 accipimus3
277 1298 366 1346 Fauno
380 1298 456 1345 Picus
469 1305 550 1361 pater,
566 1298 639 1360 isque
652 1306 783 1360 parentem

100 1393 133 1445 te,
149 1385 268 1445 Saturne,
283 1386 368 1444 refert,
384 1391 411 1433 tu
424 1386 557 1446 sanguinis
570 1386 675 1433 ultimus
689 1393 786 1434 auctor.

52 1480 79 1523 10
99 1475 167 1523 filius
180 1473 240 1521 huie
253 1474 305 1522 fato
320 1473 406 1521 divom
418 1475 556 1536 prolesque
568 1474 648 1521 virilis

99 1563 172 1610 nulla
184 1562 232 1609 fuit
243 1561 378 1624 primaque
392 1561 475 1609 oriens
489 1569 576 1624 erepta
589 1562 724 1609 iuventast.

99 1651 156 1699 sola
168 1651 274 1698 domum
287 1656 312 1697 et
325 1655 408 1696 tantas
422 1649 540 1696 servabat
551 1649 605 1696 filia
617 1648 698 1705 sedes,

98 1739 151 1786 iam
163 1745 265 1786 matura
277 1737 341 1795 vire,
356 1737 409 1784 iam
422 1737 505 1799 plenis
518 1736 614 1783 nubilis
628 1735 710 1782 annis.

98 1827 174 1874 multi
186 1826 259 1874 illam
272 1839 367 1886 magno
382 1839 395 1872 e
408 1824 484 1872 Latio
498 1831 603 1885 totaque
616 1823 737 1885 petebant

52 1920 77 1963 15
98 1913 225 1960 Ausonia.
253 1913 317 1975 petit
330 1919 389 1961 ante
402 1913 466 1960 alios
480 1911 668 1975 pulcherrimus
681 1911 764 1958 omnis

98 2001 216 2059 Tamus,
238 2001 290 2048 avis
310 2000 441 2062 atavisque
459 2008 567 2062 potens3
588 2014 665 2062 quem
682 1998 753 2059 regia
766 2013 827 2046 eon-

400 2089 464 2135 iunx

99 2178 205 2238 adiungi
219 2191 344 2238 generum
357 2176 422 2222 miro
436 2176 590 2239 properabat
602 2190 705 2224 amore:

100 2266 145 2314 sed
158 2265 234 2312 variis
247 2271 367 2326 portenta
379 2264 455 2312 deum
468 2263 606 2312 terroribus
619 2263 731 2311 obstant.

99 2354 187 2400 laurus
201 2359 256 2400 erat
269 2353 328 2399 teeti
341 2352 427 2399 medio
440 2352 467 2399 in
480 2351 654 2414 penetralibus
668 2351 735 2409 altis,

52 2448 80 2491 10
100 2456 174 2489 sacra
187 2455 288 2488 comam
301 2440 448 2502 multosque
460 2446 530 2488 rnetu
542 2445 641 2486 servata
653 2453 699 2501 per
711 2453 802 2496 anuos,

100 2545 179 2591 quam
191 2537 264 2592 pater
277 2529 416 2586 inventam,
431 2527 527 2590 primas
540 2541 598 2574 eum
612 2527 735 2574 conderet
745 2541 831 2582 arses,

97 2619 152 2676 ipse
164 2617 296 2664 ferebatur
307 2615 417 2666 Phoebo
435 2631 557 2666 sacrasse
567 2615 689 2664 Latinus

72 2696 192 2747 aequus.
655 2695 704 2743 ‘tt
