1808 2956
267 142 435 184 GEORGIGON
455 144 543 184 LIBER
559 145 579 184 1.

48 307 73 350 ΒΟ
93 299 310 363 Strymoniaeque
323 314 398 361 grues
411 307 437 348 et
449 301 542 349 amaris
555 302 638 350 intiba
650 301 719 350 fibris

92 389 212 437 officiunt
224 395 268 436 aut
281 389 371 437 umbra
383 396 467 438 nocet.
495 397 567 453 pater
578 391 634 454 ipse
648 391 749 439 colendi

92 478 163 526 haud
170 476 274 525 facilem
282 491 336 525 esse
342 478 410 526 viam
420 478 508 537 voluit,
523 480 671 541 primusque
684 494 728 541 per
740 486 821 527 artem
858 484 863 492 '

92 566 174 616 movit
189 580 273 626 agros,
290 566 355 613 curis
369 581 463 614 acuens
476 567 597 615 mortalia
610 566 697 624 corda,

93 669 141 702 nec
154 661 257 716 torpere
269 654 340 714 gravi
354 670 444 716 passus
457 670 504 702 sua
517 669 597 716 regna
609 661 721 702 veterno.

48 748 72 791 25
93 750 155 792 ante
167 743 255 790 Iovem
267 742 333 789 nulli
346 742 500 804 subigebant
513 758 574 791 arva
587 743 689 801 coloni,

92 846 125 879 ne
139 831 243 892 signare
256 831 360 892 quidem
373 838 418 879 aut
430 832 518 893 partiri
533 832 613 879 limite
627 846 746 892 campum

93 919 132 967 fas
147 926 214 967 erat:
229 920 256 966 in
270 919 383 966 medium
396 920 563 981 quaerebant,
578 920 686 982 ipsaque
699 920 775 967 tellus

93 1008 184 1055 omnia
197 1007 310 1065 liberius,
326 1008 398 1055 nullo
412 1014 541 1070 poscente,
557 1008 662 1056 ferebat.

93 1096 139 1143 ille
153 1095 250 1143 malum
263 1096 331 1142 virus
345 1095 504 1157 serpentibus
518 1096 618 1143 addidit
630 1097 699 1154 atris,
757 1073 762 1083 ⁸

48 1189 75 1232 30
94 1184 266 1247 praedarique
279 1184 354 1246 lupos
368 1184 443 1230 iussit
455 1191 615 1246 pontumque
628 1184 734 1242 moveri,

94 1272 226 1335 mellaque
239 1272 351 1320 decussit
363 1271 441 1329 foliis,
457 1272 595 1334 ignemque
608 1273 723 1327 removit,

95 1368 120 1408 et
132 1360 230 1423 passim
242 1361 301 1408 rivis
315 1360 443 1408 currentia
455 1362 515 1407 vina
527 1361 655 1423 repressit,

93 1456 123 1495 ut
135 1449 218 1495 varias
231 1463 291 1495 usus
305 1448 453 1495 meditando
468 1449 618 1496 extunderet
631 1455 696 1496 artes

94 1537 232 1599 paullatim
246 1543 271 1584 et
283 1536 360 1584 sulcis
374 1536 493 1583 frumenti
507 1544 640 1598 quaereret
651 1536 766 1594 herbam,

48 1629 74 1672 35
95 1631 124 1670 ut
136 1624 216 1672 silicis
229 1624 299 1672 venis
313 1624 458 1671 abstrusum
472 1625 609 1672 excuderet
621 1625 716 1685 ignem.

94 1719 156 1760 tunc
170 1713 244 1760 alnos
258 1713 368 1774 primum
380 1712 449 1759 fluvii
462 1726 563 1760 sensere
577 1719 688 1769 cavatas,

94 1800 182 1848 navita
195 1807 249 1847 tum
262 1801 342 1848 stellis
356 1815 475 1848 numeros
489 1809 514 1848 et
526 1800 632 1847 nomina
643 1799 711 1858 lesit,

93 1888 221 1951 pleiadas,
236 1888 342 1950 hyadas,
358 1889 507 1951 claramque
521 1889 649 1950 Lycaonis
663 1895 761 1947 arcton,

94 1981 149 2022 tum
162 1976 262 2037 laqueis
275 1983 379 2038 captare
391 1977 457 2024 feras
470 1984 495 2024 et
507 1976 597 2024 fallere
610 1977 678 2024 visco

48 2067 76 2111 t0
95 2064 228 2112 inventum
241 2070 266 2110 et
278 2078 386 2124 magnos
400 2065 506 2112 canibus
521 2064 680 2112 circumdare
693 2065 789 2123 saltus3

95 2159 172 2214 atque
186 2151 252 2198 alius
265 2152 346 2199 latum
358 2151 440 2199 funda
452 2153 504 2200 iam
517 2152 633 2200 verberat
646 2167 747 2200 amnem

95 2240 149 2287 alta
161 2246 260 2302 petens,
275 2239 421 2302 pelagoque
434 2241 500 2288 alius
513 2241 591 2288 trahit
605 2241 692 2287 umida
704 2241 773 2300 lina3

94 2333 150 2374 tum
162 2327 222 2375 ferri
235 2327 306 2387 rigor
318 2334 395 2389 atque
409 2336 514 2389 argutae
528 2329 652 2376 lammina
665 2343 749 2376 serrae

95 2414 168 2477 (nam
181 2414 258 2477 primi
272 2416 359 2463 cuneis
372 2416 525 2464 scindebant
536 2417 615 2464 fissile
628 2417 749 2479 lignum),
785 2479 786 2482 Ἴ

48 2505 77 2548 45
94 2509 150 2549 tum
162 2503 251 2556 variae¹
260 2517 350 2550 venere
363 2511 438 2551 artes.
468 2504 543 2551 labor
555 2505 642 2552 omnia
655 2505 715 2552 visit

95 2590 219 2653 inprobus
233 2597 258 2638 et
270 2590 340 2639 duris
355 2606 465 2653 urguens
478 2592 506 2639 in
518 2592 595 2640 rebus
608 2600 724 2656 egestas.
742 2629 752 2642 .
