1808 2956
52 177 113 224 310
290 184 317 222 r.
335 184 455 224 vaaonn
475 184 607 224 aaronis
646 180 648 183 '

122 339 248 388 lustrabat
260 340 345 388 studio
359 341 475 389 recolens
489 355 645 404 omnemque
658 356 768 389 suornm

123 427 187 476 forte
200 429 350 476 recensebat
362 442 497 476 nnmerum
511 443 637 490 carosque
651 436 761 491 nepotes

122 515 226 578 fataque
240 516 408 579 fortunasque
421 517 503 564 virum
517 531 654 580 moresque
668 531 818 579 manusque.
884 515 904 559 il!

122 604 196 666 isque
209 605 253 652 ubi
267 605 414 653 tendentem
427 605 562 652 adversum
575 619 621 666 per
632 607 758 667 gramina
769 605 826 652 vidit

51 696 102 740 685
122 694 239 752 Aenean,
256 694 349 742 alacris
362 694 462 756 palmas
476 699 598 756 utrasque
611 695 732 753 tetendit,

123 781 270 845 effusaeque
283 782 355 843 genis
368 781 498 838 lacrimae,
515 788 540 828 et
552 795 603 827 vox
615 782 714 830 excidit
727 797 780 831 ore.

119 859 220 918 ‘venisti
234 871 338 918 tandem
352 877 445 932 tuaque
459 875 594 931 expectata
606 870 709 932 parenti

122 958 182 1006 vicit
194 959 242 1006 iter
255 959 347 1005 durum
359 957 459 1020 pietas?
478 958 553 1005 datur
566 971 613 1005 ora
625 959 702 1016 tueri,

123 1054 192 1105 nate,
207 1053 252 1093 tua
265 1053 290 1094 et
302 1053 376 1093 notas
390 1045 479 1093 audire
492 1053 517 1094 et
530 1045 637 1094 reddere
651 1046 746 1094 voces?

52 1138 103 1182 690
123 1134 160 1182 sic
173 1134 293 1196 equidem
306 1133 432 1182 ducebam
445 1133 532 1180 animo
545 1133 672 1196 rebarque
685 1135 809 1189 futurum,

123 1230 240 1283 tempora
252 1222 426 1280 dinumerans,
442 1236 489 1269 uec
502 1237 543 1270 me
556 1237 614 1270 mea
627 1236 690 1270 cura
703 1223 803 1272 fefellit.

123 1325 187 1373 quas
201 1324 249 1370 ego
262 1317 287 1357 te
300 1317 379 1358 terras
393 1317 418 1358 et
430 1317 527 1372 quanta
539 1325 586 1372 per
598 1324 714 1373 aequora
727 1321 826 1360 vectum

124 1398 233 1461 accipio,
250 1398 352 1461 quantis
365 1398 497 1457 iactatum,
513 1405 583 1457 nate,
598 1398 719 1460 periclis!

124 1501 202 1549 quam
215 1487 293 1534 metui
307 1486 402 1549 nequid
415 1485 513 1548 Libyae
526 1486 573 1533 tibi
586 1500 666 1547 regna
680 1497 805 1536 nocerent
812 1479 826 1534 1'
895 1483 901 1526 ῖ

53 1579 103 1623 695
124 1576 167 1624 ille
181 1583 266 1623 autem
276 1565 331 1622 ‘tna
344 1589 393 1633 me,
409 1575 519 1635 genitor,
535 1581 580 1621 tua
593 1574 672 1621 tristis
685 1575 776 1637 imago

123 1664 225 1727 saepius
239 1677 375 1724 occurrens
389 1662 452 1710 haec
466 1663 558 1710 limina
570 1662 674 1710 tendere
688 1664 794 1726 adegit3

124 1759 192 1800 stant
205 1753 258 1800 sale
271 1751 405 1814 Tyrrheno
424 1751 527 1799 classes.
556 1751 589 1798 da
602 1752 709 1812 iungere
724 1752 846 1808 dextram,

126 1839 167 1900 da,
183 1841 293 1902 genitor,
309 1848 384 1901 teque
398 1839 520 1901 amplexu
533 1853 565 1886 ne
578 1838 701 1888 subtrahe
714 1833 824 1890 nostro.'

125 1930 161 1977 sic
175 1943 320 1976 memorans
334 1929 407 1989 largo
420 1927 480 1975 fletu
493 1927 570 1974 simul
584 1941 630 1974 ora
643 1927 755 1988 rigabat.

54 2020 105 2066 700
124 2026 162 2065 ter
175 2023 282 2065 conatus
295 2016 331 2063 ibi
345 2016 413 2064 collo
428 2016 488 2063 dare
502 2015 624 2064 bracchia
636 2015 743 2074 circum,

125 2113 162 2154 ter
175 2105 268 2153 frustra
281 2119 425 2166 conprensa
438 2118 529 2153 manns
543 2103 633 2164 effugit
646 2103 743 2165 imago,

124 2209 171 2256 par
184 2192 281 2242 levibus
294 2193 375 2241 ventis
389 2192 538 2254 volucrique
552 2191 686 2239 simillima
699 2207 805 2243 somno.

159 2284 261 2331 Interea
273 2282 342 2330 videt
354 2282 457 2330 Aeneas
470 2282 496 2328 in
509 2280 576 2328 valle
589 2280 695 2328 reducta

124 2372 253 2420 seclusum
266 2385 355 2419 nemus
369 2378 394 2418 et
405 2369 518 2431 virgulta
530 2368 650 2416 sonantia
663 2368 735 2417 silv's

55 2463 104 2509 705
125 2456 851 2522 Lethaeumquedomosplacidasqnipraenatatnmnern.

125 2547 194 2596 huuc
202 2549 298 2596 circum
305 2548 455 2595 innumerae
462 2553 551 2607 gentes
559 2545 700 2607 populique
713 2547 853 2606 volabant;

110 2651 145 2686 ae
159 2639 270 2688 velutin
281 2638 368 2705 pratis
382 2637 429 2688 ubi
444 2649 508 2702 apes
521 2641 621 2684 aestate
633 2645 727 2680 serena
