1808 2956
310 355 336 394 Ρ.
353 354 475 394 VERGILI
492 354 622 394 MARONIS

140 521 165 561 et
177 512 279 574 penitus
292 517 347 559 tcto
361 511 455 559 divisos
469 511 531 560 orbe
542 511 691 560 Britannos.

141 615 173 648 en
186 615 310 662 umquam
322 601 419 662 patrios
433 601 513 662 longo
526 609 585 664 posl
597 608 712 664 tempore
724 601 791 659 finis,

140 689 260 751 paupeiis
274 695 299 736 et
311 689 396 750 tuguri
410 697 561 750 congestum
574 690 685 752 caespite
698 690 800 738 culmen

140 784 199 839 post
213 778 320 841 aliquot,
336 794 394 828 mea
406 794 487 841 regna
499 779 597 837 videns,
613 778 727 825 mirabor
739 778 847 824 aristas?

90 870 121 914 70
140 866 234 928 impias
247 867 312 916 haec
325 875 378 916 tam
392 869 462 917 culta
474 868 579 916 novalia
591 867 664 914 miles
678 866 791 925 habebit,

140 955 263 1004 barbarus
276 957 323 1004 has
337 965 444 1018 segetes.
474 971 505 1005 en
519 971 571 1018 quo
586 956 716 1003 discordia
730 956 791 1004 civis

139 1044 262 1105 produxit
274 1046 396 1092 miseros:
418 1045 457 1092 his
471 1059 517 1091 nos
532 1045 692 1092 conseiimus
707 1058 791 1104 agros.

140 1131 222 1179 insere
235 1147 313 1190 nunc,
328 1132 465 1190 Meliboee,
481 1133 560 1193 piros,
576 1147 643 1194 pone
657 1133 747 1180 ordine
761 1133 831 1180 vites.

121 1220 123 1224 ’
140 1219 174 1267 ite
187 1234 268 1278 meae,
285 1221 417 1281 quondam
430 1220 492 1267 felix
504 1235 591 1281 pecus,
607 1220 641 1268 ite
655 1222 778 1282 capellae.

91 1311 122 1356 75
142 1322 195 1354 non
208 1323 256 1369 ego
269 1324 313 1355 vos
326 1309 434 1370 posthac
447 1309 522 1356 liridi
535 1309 664 1371 proiectus
677 1309 703 1355 in
720 1318 794 1356 antro

141 1396 249 1443 dumosa
262 1397 374 1458 pendere
387 1398 478 1460 procul
492 1398 524 1445 de
537 1412 600 1460 rupe
613 1398 705 1445 videbo
716 1415 722 1456 ;

140 1485 255 1531 carmina
268 1486 341 1532 nulla
354 1500 460 1544 eanam;
474 1501 527 1533 non
540 1501 581 1534 me
592 1494 722 1548 pascente,
739 1488 863 1548 capellae,

139 1571 272 1619 florentem
287 1574 394 1634 cytisum
408 1582 432 1622 ct
444 1575 535 1621 salices
550 1575 659 1636 carpetis
673 1590 781 1621 amaras.

139 1675 162 1706 a.
184 1659 232 1708 Hic
257 1668 342 1709 tamea
366 1663 433 1709 hane
457 1677 557 1709 meeum
581 1669 684 1724 poteras
704 1664 865 1724 requiescere

440 1758 542 1798 noctem

87 1839 119 1882 80
140 1835 231 1883 frende
245 1851 322 1899 super
334 1837 425 1884 viridi:
447 1844 507 1884 sunl
519 1837 593 1883 nobis
606 1837 679 1883 mitia
692 1852 778 1898 poma,

140 1931 274 1972 castaneae
288 1926 379 1972 melles
394 1933 419 1972 et
431 1925 511 1987 pressi
526 1925 601 1986 copia
614 1925 704 1985 lactis3

140 2019 164 2058 et
176 2012 228 2058 iam
242 2027 342 2059 summa
355 2014 444 2075 procul
458 2013 577 2060 villarum
591 2015 705 2062 eulmina
718 2015 825 2075 sumant,

139 2100 301 2162 maioresque
314 2101 410 2149 cadunt
422 2101 480 2148 altis
495 2102 526 2149 de
539 2104 669 2151 montibus
682 2105 798 2152 umbrae.
