1808 2956
410 196 495 234 CIRIS.

127 352 239 400 facturos
253 367 363 413 quorum
376 352 480 415 direptis
494 351 628 399 moenibus
642 351 721 410 urbis,

127 456 142 487 o
156 455 204 501 ego
220 440 339 498 crudelis,
355 441 458 487 flamma
471 440 578 488 delubra
591 440 683 502 petivi:

56 534 106 575 425
127 536 151 576 te
164 543 223 576 vero
238 529 332 575 victore
346 529 415 590 prius
428 529 466 576 vel
481 529 565 576 sidera
579 543 667 576 cursus

127 623 256 665 mutatura
269 631 328 663 suos
342 632 419 679 quam
433 624 457 664 te
470 616 533 663 mihi
546 617 609 665 talia
623 625 713 679 captae
773 628 774 632 ’

128 705 255 752 facturum
268 705 355 752 metui.
383 705 499 752 iamiam
513 706 595 753 scelus
609 706 697 752 omnia
709 706 794 754 vineit.

128 800 184 841 tene
198 807 246 853 ego
260 794 316 855 plus
330 793 413 856 patrio
428 794 506 841 dilexi
520 795 620 856 perdita
633 794 731 855 regno?

127 888 184 928 tene
199 881 264 941 ego?
283 895 331 928 neo
344 881 446 940 mirum,
461 883 533 930 vultu
547 883 654 944 decepta
666 883 754 944 puella

57 977 107 1017 430
128 977 155 1016 nt
169 970 228 1028 vidi,
244 977 272 1016 ut
285 969 358 1031 perii,
375 978 403 1016 ut
415 985 455 1018 me
469 971 551 1017 malus
566 970 671 1017 abstulit
684 971 769 1018 error!

128 1073 180 1105 uon
194 1056 313 1119 equidem
327 1058 421 1105 existo
435 1059 533 1119 speravi
547 1073 654 1121 corpore
667 1072 742 1120 posse

129 1147 178 1194 tale
192 1147 289 1193 malum
303 1147 388 1195 nasei:
409 1147 492 1194 forma
506 1148 544 1194 vel
558 1147 643 1194 sidera
656 1147 739 1196 fallas.

128 1249 168 1282 ine
182 1249 234 1281 non
248 1234 348 1282 deliciis
362 1235 500 1283 commovit
514 1235 585 1296 regia
598 1235 675 1293 dives,

129 1324 225 1371 ouralio
240 1323 324 1385 fragili
340 1332 417 1385 atque
430 1324 525 1372 electro
540 1324 686 1382 lacrimose,

58 1419 107 1459 435
129 1427 232 1460 menon
247 1413 366 1460 florentes
379 1413 482 1475 aequali
497 1428 603 1476 corpore
617 1412 754 1475 nymphae,

128 1517 179 1547 non
194 1508 275 1549 metus
289 1502 422 1548 incensam
436 1502 519 1564 potuit
531 1502 640 1548 retinere
654 1501 770 1548 deorum.

129 1589 216 1635 onmia
229 1590 289 1636 vicit
301 1604 388 1636 amor:
406 1591 466 1650 quid
481 1590 550 1636 enim
564 1603 615 1635 non
630 1589 741 1636 vinceret
753 1587 815 1635 ille?

129 1691 180 1722 non
194 1676 256 1723 mihi
270 1677 322 1722 iarn
335 1677 425 1737 pingui
439 1677 569 1724 sudabunt
582 1684 698 1738 tempora
712 1675 823 1737 myrrha,

128 1763 246 1826 pronuba
260 1778 307 1811 nee
321 1771 404 1810 castos
419 1765 541 1811 accendet
554 1764 629 1825 pinus
642 1764 754 1812 honores

58 1859 109 1900 440
129 1868 176 1899 neo
188 1851 267 1914 Libys
280 1852 386 1913 Assyrio
400 1858 526 1900 sternetur
539 1853 648 1900 lectulus
662 1860 740 1900 ostro.

128 1956 194 1987 vana
207 1955 315 2002 queror:
336 1955 377 1988 me
394 1955 426 1988 ne
439 1940 486 1988 illa
500 1941 602 2002 quidem
617 1941 760 1989 eommunis
774 1938 856 1988 alum·

430 2043 490 2076 nam

129 2119 248 2167 omnibus
261 2118 356 2166 iniecta
369 2118 444 2165 tellus
458 2116 596 2164 tumulabit
609 2131 695 2164 arena.

129 2223 203 2257 rnene
215 2209 282 2256 inter
295 2212 388 2253 matres
402 2205 589 2266 ancillaresque
601 2205 715 2265 maritas,

130 2309 203 2343 mene
217 2297 281 2344 alias
295 2295 361 2342 inter
374 2294 529 2341 famularum
543 2307 648 2341 munere
661 2293 743 2355 fungi,

60 2388 109 2429 445
131 2383 248 2444 coniugis
262 2390 339 2445 atque
353 2389 424 2440 tuae,
446 2396 624 2444 quaecumque
637 2382 685 2429 erit
697 2382 751 2440 illa,
767 2381 857 2430 beatae

130 2486 183 2517 non
197 2472 269 2520 licuit
281 2471 401 2532 gravidos
415 2485 495 2532 penso
510 2470 644 2517 devolvere
657 2469 744 2517 fusos?

130 2567 156 2607 at
169 2559 230 2607 belli
244 2561 335 2607 saltem
349 2560 476 2621 captivam
489 2559 546 2620 lege
558 2559 690 2605 necesses!

129 2648 182 2695 iam
195 2648 262 2696 fesso
275 2648 378 2696 tandem
393 2648 496 2709 fugiunt
509 2648 540 2695 de
554 2660 661 2709 corpore
674 2647 749 2705 vires,
