1808 2956
383 191 489 229 CllLEX.

107 363 123 394 o
137 347 258 409 pecudea
274 362 289 394 o
303 362 382 410 panes
396 354 420 395 et
434 363 449 394 ο
462 349 609 408 gratissima
621 355 705 411 tempe

56 441 85 484 95
106 435 205 482 frondis
219 435 431 497 hamadryadum‚
449 452 557 497 quarum
571 452 623 483 non
638 437 714 484 divite
728 439 798 485 cultu

107 525 222 571 aemulus
237 525 349 572 Ascraeo
363 533 450 588 pastor
463 525 510 572 sibi
525 527 634 587 quisque
648 532 739 587 poetae

106 627 224 660 securum
237 614 340 675 placido
354 614 466 661 traducit
478 621 581 675 pectore
593 614 686 660 vitam!
717 678 718 681 Ἴ

142 701 249 748 Talibus
263 702 289 748 in
303 702 394 750 studiis
408 702 501 750 baculo
516 702 576 748 dum
590 701 665 748 nixus
680 703 781 765 apricas

106 796 194 852 pastor
207 790 261 851 agit
274 805 347 837 curas
362 798 386 837 et
399 791 459 837 dum
472 804 525 836 uon
539 796 592 837 arte
607 804 703 839 canera

56 883 86 926 ὓθ
106 886 243 941 compacta
255 878 359 924 solitum
373 879 520 925 modulatur
533 879 659 926 arundine
672 894 784 939 carmen,

108 967 190 1013 tendit
201 967 330 1014 ineveetus
344 966 430 1013 radios
444 966 598 1028 Hyperionis
613 968 689 1014 ardor

106 1055 244 1116 lucidaque
258 1055 371 1103 aetherio
385 1056 458 1117 ponit
471 1055 620 1102 discrimina
632 1057 739 1115 mundo,

107 1144 168 1189 dum
181 1143 243 1191 iacit
252 1143 385 1191 Oceanum
398 1145 513 1191 flammas
527 1145 554 1191 iu
569 1151 704 1206 utrumque
717 1160 832 1207 rapaces.

107 1239 132 1279 et
144 1232 196 1278 iam
210 1233 380 1294 compellente
393 1248 473 1293 vagae
487 1240 589 1294 pastore
603 1233 718 1295 capellae

56 1325 85 1367 05
106 1320 159 1367 ima
171 1321 325 1368 susurrantis
339 1321 462 1383 repebant
475 1321 507 1369 ad
520 1322 586 1368 vada
599 1321 727 1383 lymphae,

106 1422 173 1469 quae
186 1408 272 1455 subter
285 1410 392 1456 viridem
412 1410 559 1458 residebant
576 1410 680 1458 caerula
699 1425 832 1468 museum3

106 1496 159 1541 iam
172 1497 270 1542 medias
284 1512 391 1558 eperum
404 1506 488 1560 partes
502 1505 602 1546 evectus
616 1506 670 1545 erat
682 1499 730 1555 sol,

107 1596 165 1628 eum
179 1583 270 1628 densas
284 1592 371 1644 pastor
383 1587 494 1647 pecudes
509 1586 618 1647 cogebat
630 1586 656 1632 in
670 1584 774 1632 umbras

107 1674 132 1715 et
144 1670 233 1730 procul
248 1669 365 1730 adspexit
378 1673 436 1719 luco
450 1674 561 1721 residere
574 1673 673 1730 virenti,

56 1763 86 1804 10
106 1756 183 1804 Delia
197 1756 263 1814 diva,
279 1764 332 1816 tuo,
349 1774 399 1820 quo
414 1762 545 1821 quondam
558 1761 624 1808 vieta
637 1760 723 1807 surore

106 1845 175 1892 venit
186 1845 332 1907 Nyctelium
346 1845 446 1907 fugiens
461 1848 581 1897 Cadmeis
594 1850 694 1908 Agaue,

105 1934 225 1981 infandas
239 1935 363 1982 scelerata
376 1950 466 1983 manus
480 1951 493 1983 e
507 1938 584 1983 caede
598 1943 718 1982 cruenta:

106 2038 172 2084 quae
185 2024 277 2084 gelidis
291 2023 417 2071 bacchata
429 2024 496 2084 iugis
511 2024 634 2085 requievit
646 2024 673 2070 in
686 2031 769 2083 antro,

106 2113 231 2172 posterius
244 2126 355 2174 poenam
368 2113 439 2173 gnati
455 2113 485 2160 de
499 2119 581 2160 morte
595 2113 694 2160 datura.

56 2205 84 2246 15
106 2199 148 2248 hie
161 2200 238 2248 etiam
251 2200 325 2247 viridi
339 2202 455 2248 ludentes
469 2216 548 2263 panes
562 2203 588 2247 ln
603 2201 682 2249 herba

105 2295 130 2336 et
142 2289 219 2350 satyri
234 2290 393 2351 dryadesque
407 2290 499 2337 choros
513 2304 588 2351 egere
601 2289 703 2351 puellae

105 2377 228 2424 naiadum
242 2385 331 2426 coetu:
354 2386 452 2425 tantum
467 2394 519 2425 non
534 2377 652 2440 Orpheus
666 2378 780 2426 Hebrum

104 2472 243 2513 restantem
257 2468 339 2514 tenuit
352 2467 413 2529 ripis
426 2468 553 2530 silvasque
567 2468 694 2525 canendo,

106 2561 230 2615 quantum
244 2562 268 2602 te
281 2557 373 2617 pernix
386 2563 547 2604 remorantur
560 2557 623 2604 diua
634 2558 748 2611 eborea„

56 2646 83 2686 20
101 2641 182 2688 multa
195 2649 239 2690 tuo
253 2644 340 2695 laetae
354 2647 502 2697 fundentes
514 2645 728 2711 gundramnus
