1808 2956
70 179 130 227 320
307 189 333 227 r.
350 186 471 226 suncini
492 186 624 226 nauours

67 349 118 392 220
137 344 233 405 gaudet
246 359 302 401 avo,
319 357 364 390 rex
376 343 432 405 ipse
445 342 511 389 lovis
525 343 556 389 de
569 349 646 403 gente
659 356 791 406 suprema,

138 432 231 480 Troius
246 434 356 488 Aeneas,
373 437 416 479 tna
429 444 477 477 nos
490 431 522 477 ad
537 429 627 478 limina
639 431 720 478 misit.

138 528 235 584 quanta
248 533 294 582 per
305 518 398 566 Idaeos
411 518 492 566 saevis
505 517 587 565 effusa
598 516 716 580 Mycenis

138 615 276 672 tempestas
289 607 347 656 ierit
360 620 474 668 campos,
490 605 583 668 quibus
596 612 669 654 actus
682 615 793 670 uterque

136 698 257 759 Europae
269 702 347 756 atquc
360 694 440 742 Asiae
452 692 511 740 fatis
525 694 684 741 concurrerit
697 695 777 755 orbis,

67 791 117 834 225
138 785 220 834 audiit
233 791 258 832 et
270 783 371 844 siquem
384 782 461 830 tellus
474 789 589 829 extrema
602 781 688 829 refuso

138 873 272 921 submovet
284 870 390 919 Oceano
403 876 428 917 et
441 870 540 932 siquem
554 876 658 918 extenta
670 870 810 932 plagarum

138 969 260 1025 quattuor
271 959 298 1007 in
311 957 397 1005 medio
412 957 509 1004 dirimit
521 958 599 1019 plaga
613 956 682 1006 Solis
696 958 791 1021 iniqui.

138 1048 234 1097 diluvio
248 1062 279 1095 cx
293 1046 339 1094 illo
353 1053 391 1092 tot
402 1053 474 1092 vasta
486 1060 532 1107 per
544 1060 659 1107 aequora
671 1047 737 1094 vecti

139 1138 177 1184 ‹lis
191 1136 278 1183 sedem
291 1135 412 1194 exiguam
426 1134 515 1196 patriis
528 1133 640 1195 litusque
653 1146 778 1195 rogamus

68 1230 118 1273 200
138 1224 308 1271 innocuomet
316 1222 413 1268 cunctis
421 1223 719 1284 undamqueauramque
727 1230 860 1286 patentem.

138 1325 191 1358 non
205 1310 298 1358 erimus
312 1323 392 1370 reguo
405 1309 539 1357 indecores
552 1324 600 1357 nec
613 1317 697 1357 vestra
710 1310 808 1359 seretur

139 1400 208 1448 fama
221 1398 282 1446 levis
296 1398 411 1458 tantique
425 1398 555 1446 abolescet
567 1399 651 1459 gratia
663 1397 724 1446 sacti

138 1502 186 1536 nec
199 1487 304 1535 Troiam
318 1486 448 1533 Ausonios
461 1487 559 1546 gremio
574 1487 705 1548 excepisse
717 1486 826 1549 pigebit.

139 1576 192 1625 feta
205 1590 249 1638 per
263 1576 367 1622 Aeneae
380 1574 437 1620 iuro
452 1574 620 1636 dextramque
633 1582 767 1638 potentem

69 1669 119 1712 235
139 1665 191 1713 sive
203 1665 253 1712 fide
267 1678 312 1711 seu
325 1662 382 1724 quis
396 1661 464 1709 bello
479 1671 516 1710 est
529 1670 648 1725 expertus
662 1665 789 1724 sturmis,

139 1753 212 1800 multi
227 1767 274 1800 uos
287 1752 386 1815 populi,
402 1752 498 1800 multae
512 1750 556 1814 (ne
569 1759 663 1809 temne,
680 1753 750 1814 quod
764 1753 833 1801 ultro

141 1840 306 1902 praeferimus
320 1840 438 1888 manibus
452 1841 526 1888 vittas
539 1855 569 1888 ac
582 1839 659 1888 verba
671 1841 819 1904 precantia)

140 1936 165 1975 et
176 1930 272 1991 petiere
285 1931 333 1978 sibi
348 1937 373 1979 et
385 1931 488 1978 volucre
500 1929 642 1989 adiungere
654 1935 763 1989 gentcs3

140 2016 184 2063 sed
198 2030 245 2064 nos
259 2018 312 2065 fata
324 2019 401 2066 deum
413 2025 509 2065 vestras
522 2016 656 2078 exquirere
668 2022 750 2065 terras

70 2109 121 2151 240
141 2104 254 2167 imperiis
267 2120 343 2167 cgere
355 2107 416 2153 suis.
444 2106 505 2153 binc
517 2105 655 2152 Dardanus
669 2112 750 2163 ortus,

140 2191 191 2240 huc
203 2194 296 2256 repetit
307 2194 435 2256 iussisque
447 2193 595 2254 ingentibus
608 2200 701 2253 urguet
713 2192 813 2255 Apollo

141 2279 302 2342 Tyrrhenum
319 2283 352 2331 ad
366 2281 491 2344 Thybrim
509 2290 534 2330 et
552 2281 629 2328 fontis
646 2281 713 2329 vada
731 2296 807 2332 sacra
818 2281 868 2330 Nu·

442 2385 511 2417 nuci.

141 2456 185 2506 dat
197 2457 243 2505 tibi
256 2464 389 2520 praeterea
401 2457 519 2505 fortunae
531 2472 610 2519 parva
623 2456 716 2520 prioris

140 2559 257 2604 munera,
272 2546 395 2608 reliquias
408 2545 488 2594 Troia
502 2559 533 2593 ex
546 2546 652 2594 ardente
664 2554 791 2608 receptas.

54 2638 112 2682 m
129 2632 184 2682 lior
192 2642 273 2698 pater
283 2635 418 2686 Anchises
432 2649 497 2684 auro
509 2633 613 2682 libabat
623 2633 659 2681 au
670 2647 748 2689 amu
