1808 2956
66 166 103 214 70
304 175 330 214 P.
348 175 469 213 vuuo1n1
489 170 621 214 nunonis

132 332 211 380 talem
224 333 293 381 dives
307 339 363 380 arat
376 330 467 394 Capua
480 339 505 380 et
518 332 602 381 vicina
617 333 716 382 Vesevo

61 427 111 470 225
132 436 178 469 ora
190 421 252 482 iugo
266 429 291 469 et
303 422 390 470 vacuis
404 419 512 469 Clanius
526 436 579 470 non
593 437 691 484 aequos
705 421 816 471 Acerris.

167 509 242 559 Nunc
265 525 317 573 quo
340 525 469 573 quamque
493 510 571 558 modo
597 511 680 573 possis
707 523 829 574 cognosce

434 599 528 647 dicam.

131 705 190 738 rara
203 689 281 738 sitan
295 704 372 752 supra
385 703 484 736 morem
496 688 517 735 si
531 688 611 735 densa
624 689 741 750 requires

131 779 225 842 (altera
237 778 371 827 frumentis
385 778 510 841 quoniam
523 777 598 837 favet,
615 778 697 825 altera
710 777 823 836 Baccho,

131 869 210 917 densa
223 869 306 930 magis
321 866 417 926 Cereri,
433 867 564 914 rarissima
577 881 696 929 quaeque
709 866 818 931 Lyaeo),

61 962 112 1005 230
132 964 190 1005 ante
203 957 289 1005 locum
303 956 389 1019 capies
403 957 485 1004 oculis
499 957 601 1017 alteque
615 955 715 1004 iubebis

131 1046 158 1092 in
171 1046 255 1093 solido
269 1052 374 1108 puteum
388 1044 486 1093 demitti
500 1059 655 1107 omnemque
669 1059 781 1107 repones

131 1149 218 1182 rursus
238 1134 346 1182 luunum
366 1134 517 1197 etpedibus
541 1149 654 1182 summas
674 1135 799 1197 aequabis
817 1133 829 1181 b

433 1237 518 1270 renas.

131 1311 152 1359 si
166 1312 282 1370 deerunt,
298 1327 384 1359 rarum
397 1312 535 1374 pecorique
549 1318 574 1360 et
586 1310 679 1358 vitibus
693 1312 770 1360 almis

132 1401 215 1463 aptius
229 1401 292 1448 uber
304 1401 367 1449 crit:
388 1401 428 1448 sin
442 1401 468 1448 in
481 1417 528 1448 sua
541 1416 615 1464 posse
630 1400 764 1462 negabunt

60 1495 111 1540 235
131 1491 168 1538 ire
181 1491 240 1538 loca
253 1497 278 1537 ct
290 1488 424 1537 scrobibus
438 1491 569 1552 superabit
582 1497 649 1538 terra
661 1490 778 1551 repletis,

131 1579 227 1642 spissus
241 1593 311 1640 ager,
327 1579 434 1639 glaebas
448 1586 597 1627 cunctantes
611 1593 749 1640 crassaque
762 1586 829 1641 terga

131 1676 239 1731 expecta
252 1675 276 1716 et
288 1667 380 1715 validis
394 1675 488 1716 terram
500 1668 637 1730 proscinde
649 1667 774 1716 iuvencis.

130 1759 199 1806 salsa
212 1765 297 1805 autem
310 1757 387 1804 tellus
401 1764 425 1804 et
438 1771 505 1819 quae
518 1756 668 1819 perhibetur
681 1771 780 1817 amara,

131 1847 247 1908 frugibus
261 1845 351 1894 infelix
365 1845 408 1908 (ca
421 1860 468 1893 nce
481 1846 638 1893 mansuescit
651 1847 751 1894 arando

60 1941 111 1986 240
130 1951 179 1985 nec
191 1935 297 1984 Baccho
310 1949 391 1996 genus
405 1940 450 1981 aut
461 1934 545 1996 pomis
559 1949 606 1982 sua
618 1934 726 1982 nomina
737 1934 829 1996 servat)

130 2025 182 2099 tale
195 2023 268 2072 dabit
280 2022 425 2086 specimen:
445 2029 472 2069 tu
486 2023 569 2085 spisso
583 2023 678 2071 vimine
691 2023 785 2086 qualos

131 2110 241 2177 colaque
254 2113 384 2175 prelorum
397 2111 505 2160 fumosis
519 2112 607 2176 deripe
621 2112 711 2171 tectis3

130 2204 181 2252 huc
194 2217 257 2266 ager
269 2202 313 2250 ille
326 2201 409 2250 malua
423 2200 562 2263 dulcesque
576 2217 591 2249 a
604 2200 718 2249 sontibus
732 2202 817 2250 undae

131 2293 283 2356 adplenum
296 2292 444 2350 calcentur3
465 2305 534 2353 aqua
546 2289 701 2338 eluctabitur
713 2291 798 2340 omnis

59 2388 110 2432 245
130 2383 230 2432 scilicet
242 2388 267 2429 et
279 2380 391 2442 grandes
404 2379 479 2427 ibunt
490 2393 537 2442 per
549 2379 645 2426 vimina
657 2386 761 2440 guttae3

130 2481 157 2521 at
169 2485 248 2534 sapor
259 2468 385 2518 indicium
398 2468 483 2527 saciet,
498 2467 650 2516 manifestus
663 2474 689 2516 et
701 2482 749 2517 ora

129 2560 213 2610 tristia
225 2563 396 2620 temptantum
409 2572 485 2606 sensu
498 2556 630 2620 torquebit
641 2571 754 2606 amaror.

129 2649 234 2714 pinguis
248 2647 310 2695 item
323 2660 390 2709 quae
403 2646 436 2694 sit
448 2644 523 2694 tellus
537 2645 587 2695 hoc
600 2645 713 2707 denique
725 2653 802 2710 pacto
