1808 2956
76 166 135 215 482
313 173 340 213 e.
356 173 478 214 vnac1n1
498 171 629 213 Mnaours

75 336 125 380 485
145 331 293 394 loricaeque
306 344 391 378 moras
406 337 431 379 et
443 336 531 392 pectus
545 327 660 391 perforat
672 328 777 392 ingens.

145 420 189 469 ille
202 420 270 483 rapit
283 419 396 468 calidum
409 418 504 467 frustra
517 418 549 466 de
561 418 667 466 volnere
680 418 777 466 telum:

144 524 198 557 una
210 509 352 571 eademque
365 508 407 555 via
419 507 524 568 sanguis
537 508 693 569 animusque
709 514 812 556 secuntr

145 597 242 646 corruit
254 597 281 644 in
295 597 386 644 volnus
400 596 526 659 (sonitum
539 610 616 657 super
630 610 704 642 arma
717 595 812 645 dedere

145 693 170 735 et
182 693 276 734 terram
288 685 409 733 hostilem
422 684 533 732 moriens
546 683 668 745 petitore
682 690 804 732 cruento.

75 781 125 824 490
145 790 222 838 quern
235 774 337 822 Turnus
351 787 428 835 super
440 773 566 822 adsistens

142 854 278 921 ‘Arcadea
299 853 372 910 haec³
384 862 469 924 inquit
477 851 615 909 ‘memores
629 875 688 909 mea
702 861 777 910 dieta
789 877 812 911 rt

144 952 282 1000 Euandro:
304 951 407 1014 qualem
420 950 513 998 meruit
525 949 647 997 Pallanta
660 950 778 998 remitto.

146 1040 262 1103 quisquis
275 1039 358 1088 honos
372 1039 473 1098 tumuli,
496 1037 622 1101 quidquid
636 1038 756 1087 solamen
771 1038 812 1087 hu:

446 1127 505 1186 dist,

145 1217 250 1279 largior.
279 1216 347 1263 haud
360 1216 398 1263 illi
412 1216 516 1264 stabunt
528 1214 629 1264 Aeneia
642 1229 723 1277 parvo

74 1312 124 1355 495
144 1295 277 1368 hospitia.³
302 1310 328 1353 et
340 1304 413 1352 laevo
427 1305 519 1366 pressit
531 1305 597 1366 pcde
611 1304 674 1350 talia
687 1303 758 1352 fatus

145 1394 299 1452 exanimem,
314 1392 417 1454 rapiens
431 1393 546 1441 inmania
559 1393 676 1454 pondera
689 1391 772 1442 baltei

146 1485 341 1547 inpressumque
354 1480 440 1529 nefas:
460 1480 572 1529 unasub
586 1487 662 1528 nocte
675 1481 759 1543 iugali

146 1588 221 1622 caesa
234 1586 326 1620 manus
340 1570 461 1618 iuvenum
475 1570 549 1619 focde
562 1569 724 1632 thalamique
738 1585 812 1620 cruci

146 1677 212 1725 quae
227 1660 324 1710 Clonus
338 1659 474 1722 Eurytides
487 1658 569 1706 multo
583 1658 729 1705 caelaverat
743 1674 810 1708 auro

76 1757 126 1799 500
146 1765 197 1813 quo
211 1764 280 1797 nunc
293 1749 395 1796 Turnus
410 1754 469 1794 ovat
482 1746 565 1809 spolio
579 1744 728 1807 gaudetque
742 1749 812 1810 potit

146 1837 235 1886 nescia
247 1852 318 1886 mens
332 1837 467 1885 hominum
480 1835 525 1882 fati
539 1834 666 1896 sortisque
680 1834 795 1896 futurae,

146 1932 171 1973 et
183 1940 283 1974 servare
296 1926 402 1973 modum
416 1924 491 1972 robus
504 1925 606 1972 sublata
619 1924 749 1972 secundis.

145 2015 234 2063 Turno
248 2021 346 2076 tempus
360 2014 421 2072 erit,
441 2027 536 2074 magno
551 2028 609 2061 cum
622 2013 750 2073 optaverit
763 2028 812 2078 em]

145 2103 271 2152 intactum
283 2103 413 2161 Pallanta,
429 2110 526 2150 etcum
540 2101 626 2165 spolia
638 2100 688 2147 ista
702 2101 811 2166 diemqu

76 2196 126 2240 505
147 2192 237 2240 oderit.
266 2199 293 2239 ut
304 2192 367 2240 socii
381 2192 462 2239 multo
476 2191 573 2252 gemitu
588 2189 755 2251 lacrimisque

146 2280 287 2344 inpositum
300 2287 372 2328 scuto
385 2279 499 2328 referunt
511 2280 632 2328 Pallanta
645 2277 807 2340 frequentas.

147 2384 162 2417 o
176 2369 251 2418 dolor
264 2377 341 2431 atque
355 2370 433 2418 decus
447 2383 570 2429 magnum
584 2367 696 2415 rediture
709 2369 812 2429 parenti

146 2457 210 2507 hacc
224 2464 247 2506 te
261 2458 345 2520 prima
358 2458 412 2506 dies
426 2457 494 2505 bello
509 2457 587 2514 dedit,
603 2455 668 2503 hacc
682 2455 776 2504 eadem
784 2473 812 2506 at

147 2561 205 2596 cum
218 2553 304 2594 tamen
317 2545 428 2608 ingentis
440 2545 595 2593 Rutulorum
609 2543 705 2605 linquis
719 2559 812 2594 acervo

58 2641 114 2688 510
171 2638 229 2692 Nec
242 2639 297 2692 iam
312 2637 385 2692 fama
397 2637 462 2689 mali
474 2634 553 2695 tanti,
567 2632 614 2682 sed
626 2631 718 2679 certxor
730 2640 812 2679 aucta
