<?xml version="1.0" encoding="UTF-8"?>
<!DOCTYPE html PUBLIC "-//W3C//DTD XHTML 1.0 Transitional//EN"
    "http://www.w3.org/TR/xhtml1/DTD/xhtml1-transitional.dtd">
<html xmlns="http://www.w3.org/1999/xhtml" xml:lang="en" lang="en">
 <head>
  <title>
</title>
<meta http-equiv="Content-Type" content="text/html;charset=utf-8" />
  <meta name='ocr-system' content='tesseract 3.04.00' />
  <meta name='ocr-capabilities' content='ocr_page ocr_carea ocr_par ocr_line ocrx_word'/>
</head>
<body>
  <div class='ocr_page' id='page_1' title='image "./pvergiliusmaro00virggoog/pvergiliusmaro00virggoog_0317.png"; bbox 0 0 1808 2956; ppageno 0'>
   <div class='ocr_carea' id='block_1_1' title="bbox 61 181 736 242">
    <p class='ocr_par' dir='ltr' id='par_1_1' title="bbox 61 181 736 242">
     <span class='ocr_line' id='line_1_1' title="bbox 61 181 736 242; baseline 0.001 -14"><span class='ocrx_word' id='word_1_1' title='bbox 61 181 121 228; x_wconf 80' lang='grc'><strong>318</strong></span> <span class='ocrx_word' id='word_1_2' title='bbox 150 236 153 242; x_wconf 92' lang='lat'>.</span> <span class='ocrx_word' id='word_1_3' title='bbox 182 191 207 228; x_wconf 81' lang='lat' dir='ltr'><strong>r.</strong></span> <span class='ocrx_word' id='word_1_4' title='bbox 225 190 312 228; x_wconf 81' lang='lat' dir='ltr'><strong>vuue.</strong></span> <span class='ocrx_word' id='word_1_5' title='bbox 330 189 401 227; x_wconf 77' lang='lat' dir='ltr'>nnn.</span> <span class='ocrx_word' id='word_1_6' title='bbox 422 189 570 228; x_wconf 71' lang='lat' dir='ltr'><strong>Aruernos</strong></span> <span class='ocrx_word' id='word_1_7' title='bbox 588 189 679 229; x_wconf 77' lang='lat' dir='ltr'><strong>nisus</strong></span> <span class='ocrx_word' id='word_1_8' title='bbox 696 191 736 230; x_wconf 83' lang='lat' dir='ltr'><strong>vr.</strong></span> 
     </span>
    </p>
   </div>
   <div class='ocr_carea' id='block_1_2' title="bbox 130 336 839 586">
    <p class='ocr_par' dir='ltr' id='par_1_2' title="bbox 130 336 839 586">
     <span class='ocr_line' id='line_1_2' title="bbox 130 336 756 407; baseline 0.003 -15"><span class='ocrx_word' id='word_1_9' title='bbox 130 336 253 394; x_wconf 80' lang='lat' dir='ltr'><strong>munere&#39;</strong></span> <span class='ocrx_word' id='word_1_10' title='bbox 279 345 316 392; x_wconf 87' lang='lat' dir='ltr'><strong>sic</strong></span> <span class='ocrx_word' id='word_1_11' title='bbox 329 352 383 392; x_wconf 83' lang='lat' dir='ltr'><strong>tota</strong></span> <span class='ocrx_word' id='word_1_12' title='bbox 396 345 492 407; x_wconf 82' lang='lat' dir='ltr'><strong>passim</strong></span> <span class='ocrx_word' id='word_1_13' title='bbox 506 345 612 406; x_wconf 81' lang='lat' dir='ltr'><strong>regione</strong></span> <span class='ocrx_word' id='word_1_14' title='bbox 624 353 756 407; x_wconf 75' lang='lat' dir='ltr'>vagantur</span> 
     </span>
     <span class='ocr_line' id='line_1_3' title="bbox 131 433 747 496; baseline -0.002 -13"><span class='ocrx_word' id='word_1_15' title='bbox 131 435 196 483; x_wconf 83' lang='lat' dir='ltr'><strong>ueris</strong></span> <span class='ocrx_word' id='word_1_16' title='bbox 209 435 236 480; x_wconf 93' lang='lat' dir='ltr'><strong>in</strong></span> <span class='ocrx_word' id='word_1_17' title='bbox 250 433 346 495; x_wconf 84' lang='lat' dir='ltr'><strong>campis</strong></span> <span class='ocrx_word' id='word_1_18' title='bbox 360 433 419 480; x_wconf 85' lang='lat' dir='ltr'><strong>latis</strong></span> <span class='ocrx_word' id='word_1_19' title='bbox 433 442 511 496; x_wconf 83' lang='lat' dir='ltr'><strong>utque</strong></span> <span class='ocrx_word' id='word_1_20' title='bbox 524 434 612 480; x_wconf 80' lang='lat' dir='ltr'>omnia</span> <span class='ocrx_word' id='word_1_21' title='bbox 625 434 747 482; x_wconf 82' lang='lat' dir='ltr'><strong>lustrant.</strong></span> 
     </span>
     <span class='ocr_line' id='line_1_4' title="bbox 131 521 839 586; baseline -0.006 -15"><span class='ocrx_word' id='word_1_22' title='bbox 131 537 197 586; x_wconf 79' lang='lat' dir='ltr'><strong>quse</strong></span> <span class='ocrx_word' id='word_1_23' title='bbox 210 530 347 585; x_wconf 82' lang='lat' dir='ltr'>postquam</span> <span class='ocrx_word' id='word_1_24' title='bbox 359 521 486 570; x_wconf 84' lang='lat' dir='ltr'>Anchises</span> <span class='ocrx_word' id='word_1_25' title='bbox 499 528 587 568; x_wconf 83' lang='lat' dir='ltr'><strong>nutum</strong></span> <span class='ocrx_word' id='word_1_26' title='bbox 600 536 647 584; x_wconf 89' lang='lat' dir='ltr'><strong>per</strong></span> <span class='ocrx_word' id='word_1_27' title='bbox 664 523 772 584; x_wconf 79' lang='lat' dir='ltr'><strong>singula</strong></span> <span class='ocrx_word' id='word_1_28' title='bbox 788 521 839 571; x_wconf 84' lang='lat' dir='ltr'><strong>duri</strong></span> 
     </span>
    </p>
   </div>
   <div class='ocr_carea' id='block_1_3' title="bbox 60 610 839 1820">
    <p class='ocr_par' dir='ltr' id='par_1_3' title="bbox 60 610 839 1820">
     <span class='ocr_line' id='line_1_5' title="bbox 129 610 771 672; baseline 0.003 -14"><span class='ocrx_word' id='word_1_29' title='bbox 129 611 294 672; x_wconf 84' lang='lat' dir='ltr'>incenditque</span> <span class='ocrx_word' id='word_1_30' title='bbox 308 610 422 656; x_wconf 84' lang='lat' dir='ltr'><strong>animum</strong></span> <span class='ocrx_word' id='word_1_31' title='bbox 435 610 520 657; x_wconf 81' lang='lat' dir='ltr'><strong>famae</strong></span> <span class='ocrx_word' id='word_1_32' title='bbox 532 610 656 658; x_wconf 88' lang='lat' dir='ltr'><strong>venientis</strong></span> <span class='ocrx_word' id='word_1_33' title='bbox 670 625 771 671; x_wconf 78' lang='lat' dir='ltr'><strong>amore,</strong></span> 
     </span>
     <span class='ocr_line' id='line_1_6' title="bbox 60 698 811 761; baseline 0.001 -15"><span class='ocrx_word' id='word_1_34' title='bbox 60 704 110 747; x_wconf 83' lang='lat'><strong>890</strong></span> <span class='ocrx_word' id='word_1_35' title='bbox 130 700 198 748; x_wconf 86' lang='lat' dir='ltr'>exim</span> <span class='ocrx_word' id='word_1_36' title='bbox 212 699 281 747; x_wconf 82' lang='lat' dir='ltr'><strong>bella</strong></span> <span class='ocrx_word' id='word_1_37' title='bbox 293 699 347 745; x_wconf 88' lang='lat' dir='ltr'><strong>viro</strong></span> <span class='ocrx_word' id='word_1_38' title='bbox 361 705 488 746; x_wconf 81' lang='lat' dir='ltr'><strong>memoret</strong></span> <span class='ocrx_word' id='word_1_39' title='bbox 500 713 566 761; x_wconf 83' lang='lat' dir='ltr'><strong>quae</strong></span> <span class='ocrx_word' id='word_1_40' title='bbox 580 698 675 746; x_wconf 88' lang='lat' dir='ltr'><strong>deinde</strong></span> <span class='ocrx_word' id='word_1_41' title='bbox 687 701 811 760; x_wconf 74' lang='lat' dir='ltr'><strong>gerenda,</strong></span> 
     </span>
     <span class='ocr_line' id='line_1_7' title="bbox 130 786 800 849; baseline 0.001 -15"><span class='ocrx_word' id='word_1_42' title='bbox 130 787 318 849; x_wconf 82' lang='lat' dir='ltr'><strong>Laurentisque</strong></span> <span class='ocrx_word' id='word_1_43' title='bbox 331 787 407 834; x_wconf 86' lang='lat' dir='ltr'><strong>docet</strong></span> <span class='ocrx_word' id='word_1_44' title='bbox 420 787 531 849; x_wconf 90' lang='lat' dir='ltr'><strong>populos</strong></span> <span class='ocrx_word' id='word_1_45' title='bbox 544 786 688 848; x_wconf 89' lang='lat' dir='ltr'><strong>urbemque</strong></span> <span class='ocrx_word' id='word_1_46' title='bbox 702 787 800 847; x_wconf 83' lang='lat' dir='ltr'>Latini,</span> 
     </span>
     <span class='ocr_line' id='line_1_8' title="bbox 130 874 839 937; baseline -0.001 -14"><span class='ocrx_word' id='word_1_47' title='bbox 130 882 154 923; x_wconf 90' lang='lat' dir='ltr'><strong>et</strong></span> <span class='ocrx_word' id='word_1_48' title='bbox 166 889 217 936; x_wconf 90' lang='lat' dir='ltr'><strong>quo</strong></span> <span class='ocrx_word' id='word_1_49' title='bbox 230 889 358 936; x_wconf 84' lang='lat' dir='ltr'><strong>quemque</strong></span> <span class='ocrx_word' id='word_1_50' title='bbox 369 874 447 921; x_wconf 89' lang='lat' dir='ltr'>modo</span> <span class='ocrx_word' id='word_1_51' title='bbox 458 874 591 937; x_wconf 81' lang='lat' dir='ltr'><strong>fugiatque</strong></span> <span class='ocrx_word' id='word_1_52' title='bbox 604 875 724 936; x_wconf 85' lang='lat' dir='ltr'><strong>feratque</strong></span> <span class='ocrx_word' id='word_1_53' title='bbox 734 876 839 924; x_wconf 81' lang='lat' dir='ltr'><strong>laborem</strong></span> 
     </span>
     <span class='ocr_line' id='line_1_9' title="bbox 165 960 839 1024; baseline 0.003 -14"><span class='ocrx_word' id='word_1_54' title='bbox 165 960 231 1010; x_wconf 85' lang='lat' dir='ltr'><strong>Sunt</strong></span> <span class='ocrx_word' id='word_1_55' title='bbox 255 963 373 1023; x_wconf 79' lang='lat' dir='ltr'><strong>geminae</strong></span> <span class='ocrx_word' id='word_1_56' title='bbox 397 961 487 1010; x_wconf 83' lang='lat' dir='ltr'>Somni</span> <span class='ocrx_word' id='word_1_57' title='bbox 511 969 616 1024; x_wconf 80' lang='lat' dir='ltr'><strong>portae3</strong></span> <span class='ocrx_word' id='word_1_58' title='bbox 644 977 758 1024; x_wconf 79' lang='lat' dir='ltr'><strong>quarum</strong></span> <span class='ocrx_word' id='word_1_59' title='bbox 782 965 839 1012; x_wconf 79' lang='lat' dir='ltr'><strong>alter</strong></span> 
     </span>
     <span class='ocr_line' id='line_1_10' title="bbox 430 1051 510 1098; baseline 0 -1"><span class='ocrx_word' id='word_1_60' title='bbox 430 1051 510 1098; x_wconf 84' lang='lat' dir='ltr'><strong>fertur</strong></span> 
     </span>
     <span class='ocr_line' id='line_1_11' title="bbox 130 1138 785 1200; baseline 0.003 -14"><span class='ocrx_word' id='word_1_61' title='bbox 130 1152 232 1197; x_wconf 82' lang='lat' dir='ltr'><strong>cornea,</strong></span> <span class='ocrx_word' id='word_1_62' title='bbox 249 1153 301 1200; x_wconf 82' lang='lat' dir='ltr'><strong>qua</strong></span> <span class='ocrx_word' id='word_1_63' title='bbox 312 1139 377 1186; x_wconf 83' lang='lat' dir='ltr'><strong>veris</strong></span> <span class='ocrx_word' id='word_1_64' title='bbox 391 1138 474 1186; x_wconf 82' lang='lat' dir='ltr'>facilis</span> <span class='ocrx_word' id='word_1_65' title='bbox 488 1139 563 1186; x_wconf 87' lang='lat' dir='ltr'><strong>datur</strong></span> <span class='ocrx_word' id='word_1_66' title='bbox 576 1138 660 1186; x_wconf 87' lang='lat' dir='ltr'><strong>exitus</strong></span> <span class='ocrx_word' id='word_1_67' title='bbox 673 1139 785 1200; x_wconf 87' lang='lat' dir='ltr'><strong>umbris,</strong></span> 
     </span>
     <span class='ocr_line' id='line_1_12' title="bbox 60 1226 734 1289; baseline 0 -15"><span class='ocrx_word' id='word_1_68' title='bbox 60 1232 109 1274; x_wconf 80' lang='lat'><strong>895</strong></span> <span class='ocrx_word' id='word_1_69' title='bbox 131 1227 212 1275; x_wconf 82' lang='lat' dir='ltr'><strong>ultera</strong></span> <span class='ocrx_word' id='word_1_70' title='bbox 226 1227 346 1274; x_wconf 79' lang='lat' dir='ltr'><strong>candenti</strong></span> <span class='ocrx_word' id='word_1_71' title='bbox 359 1227 472 1289; x_wconf 78' lang='lat' dir='ltr'><strong>perfecta</strong></span> <span class='ocrx_word' id='word_1_72' title='bbox 484 1227 568 1274; x_wconf 88' lang='lat' dir='ltr'><strong>nitens</strong></span> <span class='ocrx_word' id='word_1_73' title='bbox 582 1226 734 1288; x_wconf 79' lang='lat' dir='ltr'><strong>elephanto,</strong></span> 
     </span>
     <span class='ocr_line' id='line_1_13' title="bbox 130 1313 787 1364; baseline 0.005 -3"><span class='ocrx_word' id='word_1_74' title='bbox 130 1315 174 1361; x_wconf 88' lang='lat' dir='ltr'><strong>sed</strong></span> <span class='ocrx_word' id='word_1_75' title='bbox 188 1313 254 1361; x_wconf 81' lang='lat' dir='ltr'><strong>falsa</strong></span> <span class='ocrx_word' id='word_1_76' title='bbox 266 1315 299 1362; x_wconf 82' lang='lat' dir='ltr'><strong>ud</strong></span> <span class='ocrx_word' id='word_1_77' title='bbox 313 1316 413 1364; x_wconf 83' lang='lat' dir='ltr'><strong>caelum</strong></span> <span class='ocrx_word' id='word_1_78' title='bbox 426 1316 531 1362; x_wconf 87' lang='lat' dir='ltr'><strong>mittunt</strong></span> <span class='ocrx_word' id='word_1_79' title='bbox 544 1315 674 1361; x_wconf 79' lang='lat' dir='ltr'>insomnia</span> <span class='ocrx_word' id='word_1_80' title='bbox 686 1330 787 1364; x_wconf 81' lang='lat' dir='ltr'><strong>menes.</strong></span> 
     </span>
     <span class='ocr_line' id='line_1_14' title="bbox 130 1401 800 1466; baseline 0.007 -18"><span class='ocrx_word' id='word_1_81' title='bbox 130 1402 172 1449; x_wconf 88' lang='lat' dir='ltr'><strong>hie</strong></span> <span class='ocrx_word' id='word_1_82' title='bbox 185 1401 228 1449; x_wconf 91' lang='lat' dir='ltr'><strong>ubi</strong></span> <span class='ocrx_word' id='word_1_83' title='bbox 242 1409 297 1451; x_wconf 87' lang='lat' dir='ltr'><strong>turn</strong></span> <span class='ocrx_word' id='word_1_84' title='bbox 310 1411 399 1450; x_wconf 81' lang='lat' dir='ltr'><strong>nutum</strong></span> <span class='ocrx_word' id='word_1_85' title='bbox 411 1403 539 1451; x_wconf 83' lang='lat' dir='ltr'><strong>Anchises</strong></span> <span class='ocrx_word' id='word_1_86' title='bbox 553 1417 656 1465; x_wconf 87' lang='lat' dir='ltr'><strong>unaque</strong></span> <span class='ocrx_word' id='word_1_87' title='bbox 670 1401 800 1466; x_wconf 83' lang='lat' dir='ltr'>Sibyllam</span> 
     </span>
     <span class='ocr_line' id='line_1_15' title="bbox 130 1491 747 1554; baseline 0.005 -17"><span class='ocrx_word' id='word_1_88' title='bbox 130 1491 293 1553; x_wconf 85' lang='lat' dir='ltr'><strong>prosequitur</strong></span> <span class='ocrx_word' id='word_1_89' title='bbox 306 1491 381 1539; x_wconf 84' lang='lat' dir='ltr'><strong>dictis</strong></span> <span class='ocrx_word' id='word_1_90' title='bbox 394 1498 520 1554; x_wconf 84' lang='lat' dir='ltr'><strong>portaque</strong></span> <span class='ocrx_word' id='word_1_91' title='bbox 533 1491 626 1538; x_wconf 88' lang='lat' dir='ltr'><strong>emittit</strong></span> <span class='ocrx_word' id='word_1_92' title='bbox 637 1491 747 1552; x_wconf 83' lang='lat' dir='ltr'><strong>eburna,</strong></span> 
     </span>
     <span class='ocr_line' id='line_1_16' title="bbox 130 1579 733 1641; baseline 0.002 -15"><span class='ocrx_word' id='word_1_93' title='bbox 130 1579 174 1627; x_wconf 90' lang='lat' dir='ltr'><strong>ille</strong></span> <span class='ocrx_word' id='word_1_94' title='bbox 187 1580 254 1626; x_wconf 84' lang='lat' dir='ltr'>viam</span> <span class='ocrx_word' id='word_1_95' title='bbox 267 1588 337 1628; x_wconf 88' lang='lat' dir='ltr'><strong>secat</strong></span> <span class='ocrx_word' id='word_1_96' title='bbox 350 1580 382 1627; x_wconf 79' lang='lat' dir='ltr'><strong>ed</strong></span> <span class='ocrx_word' id='word_1_97' title='bbox 395 1580 467 1627; x_wconf 87' lang='lat' dir='ltr'>nnvis</span> <span class='ocrx_word' id='word_1_98' title='bbox 481 1580 616 1641; x_wconf 88' lang='lat' dir='ltr'><strong>sociosque</strong></span> <span class='ocrx_word' id='word_1_99' title='bbox 630 1579 733 1640; x_wconf 83' lang='lat' dir='ltr'><strong>revisit3</strong></span> 
     </span>
     <span class='ocr_line' id='line_1_17' title="bbox 61 1667 751 1730; baseline 0.003 -16"><span class='ocrx_word' id='word_1_100' title='bbox 61 1672 111 1714; x_wconf 82' lang='lat'><strong>900</strong></span> <span class='ocrx_word' id='word_1_101' title='bbox 131 1675 185 1715; x_wconf 87' lang='lat' dir='ltr'><strong>turn</strong></span> <span class='ocrx_word' id='word_1_102' title='bbox 198 1683 225 1716; x_wconf 90' lang='lat' dir='ltr'><strong>se</strong></span> <span class='ocrx_word' id='word_1_103' title='bbox 238 1669 270 1715; x_wconf 86' lang='lat' dir='ltr'><strong>ad</strong></span> <span class='ocrx_word' id='word_1_104' title='bbox 286 1667 392 1716; x_wconf 81' lang='lat' dir='ltr'><strong>Caietae</strong></span> <span class='ocrx_word' id='word_1_105' title='bbox 405 1675 474 1715; x_wconf 87' lang='lat' dir='ltr'><strong>recte</strong></span> <span class='ocrx_word' id='word_1_106' title='bbox 488 1667 536 1716; x_wconf 88' lang='lat' dir='ltr'><strong>fert</strong></span> <span class='ocrx_word' id='word_1_107' title='bbox 549 1668 623 1715; x_wconf 87' lang='lat' dir='ltr'><strong>litore</strong></span> <span class='ocrx_word' id='word_1_108' title='bbox 636 1675 751 1730; x_wconf 88' lang='lat' dir='ltr'><strong>portum.</strong></span> 
     </span>
     <span class='ocr_line' id='line_1_18' title="bbox 131 1756 781 1820; baseline 0.003 -16"><span class='ocrx_word' id='word_1_109' title='bbox 131 1771 227 1804; x_wconf 81' lang='lat' dir='ltr'><strong>ancora</strong></span> <span class='ocrx_word' id='word_1_110' title='bbox 240 1757 271 1804; x_wconf 87' lang='lat' dir='ltr'><strong>de</strong></span> <span class='ocrx_word' id='word_1_111' title='bbox 283 1772 361 1820; x_wconf 81' lang='lat' dir='ltr'><strong>prora</strong></span> <span class='ocrx_word' id='word_1_112' title='bbox 373 1757 480 1815; x_wconf 82' lang='lat' dir='ltr'><strong>iacitur3</strong></span> <span class='ocrx_word' id='word_1_113' title='bbox 501 1763 570 1804; x_wconf 79' lang='lat' dir='ltr'><strong>stunt</strong></span> <span class='ocrx_word' id='word_1_114' title='bbox 582 1756 656 1803; x_wconf 87' lang='lat' dir='ltr'><strong>litore</strong></span> <span class='ocrx_word' id='word_1_115' title='bbox 670 1771 781 1819; x_wconf 87' lang='lat' dir='ltr'><strong>puppes.</strong></span> 
     </span>
    </p>
   </div>
   <div class='ocr_carea' id='block_1_4' title="bbox 0 0 908 2956">
    <p class='ocr_par' dir='ltr' id='par_1_4' title="bbox 0 0 908 2956">
     <span class='ocr_line' id='line_1_19' title="bbox 0 0 908 2956; baseline 0 0"><span class='ocrx_word' id='word_1_116' title='bbox 0 0 908 2956; x_wconf 95' lang='lat' dir='ltr'><strong> </strong></span> 
     </span>
    </p>
   </div>
  </div>
 </body>
</html>
