1808 2956
419 336 504 377 ctnls.

129 503 183 543 turn
196 509 322 558 suspensa
334 495 421 542 levans
435 494 522 555 digitis
535 494 642 556 vestigia
656 494 744 556 primis

130 584 261 646 egreditur
273 583 392 645 ferroque
405 597 496 630 manus
510 590 610 631 armata
623 582 720 631 bidenti

128 674 230 732 evolnt3
244 679 272 721 nt
284 672 403 734 demptae
416 671 500 720 subita
512 672 540 719 in
552 671 690 721 formidine
702 671 776 720 vires.

57 769 108 813 215
129 763 260 811 caeruleas
274 775 321 808 sua
334 760 402 809 surta
415 760 485 822 prius
498 766 606 808 testatur
619 760 652 807 ad
665 760 778 808 umbras.

130 866 198 910 nam,
214 865 266 913 qua
278 864 305 897 sc
318 849 351 897 ad
365 849 476 911 putrium
490 848 612 897 tendebat
624 849 718 896 semita
730 848 819 907 limen,

129 939 254 988 vestibulo
268 939 294 985 in
309 938 416 986 thalami
429 937 546 1000 paullum
559 943 703 985 remoratur
715 944 741 985 et
753 937 805 986 ulte

129 1027 235 1090 suspicit
248 1027 280 1075 ad
295 1027 356 1074 celsi
371 1026 496 1075 nictantia
509 1026 594 1074 sidera
607 1025 706 1083 mundi,

129 1131 181 1163 non
195 1125 300 1177 accepta
313 1115 361 1178 piis
376 1116 526 1176 promittens
540 1129 647 1162 munera
660 1114 732 1162 divis.

57 1209 109 1252 220
165 1202 250 1262 Quam
263 1204 339 1251 simul
354 1203 447 1265 Ogygii
461 1203 599 1251 Phoenicis
613 1203 668 1250 filia
681 1201 774 1252 Carme

128 1307 232 1354 surgere
246 1293 326 1341 sensit
338 1306 402 1340 anus
417 1292 542 1354 (sonitum
555 1307 616 1340 nam
628 1291 725 1340 lecerat
735 1291 774 1340 illi

128 1396 271 1430 marmoreo
286 1389 386 1429 aeratus
400 1382 510 1429 stridens
523 1381 550 1427 in
563 1381 652 1429 limine
666 1380 766 1444 cardo),

130 1471 235 1533 corripit
248 1472 377 1534 extemplo
391 1470 485 1519 fessam
498 1472 624 1532 languore
637 1470 751 1533 puellum

130 1565 154 1606 et
166 1558 242 1605 simul
253 1548 280 1606 ‘o
294 1559 368 1608 nobis
381 1575 483 1608 sacrum
496 1551 580 1622 caput'
594 1560 678 1622 inquit
689 1559 813 1618 ‘alumnia

59 1651 109 1693 225
130 1660 182 1692 non
196 1646 241 1693 tihi
255 1648 413 1710 nequiquam
426 1649 513 1696 viridis
528 1664 573 1711 per
585 1649 683 1696 viscera
695 1649 781 1710 pallor

129 1740 247 1792 aegrotas
261 1735 330 1782 tenui
344 1736 451 1784 suti'udit
463 1737 590 1797 sauguine
603 1750 679 1783 vonna

130 1834 177 1867 nec
197 1820 257 1867 levis
270 1821 321 1869 hoc
339 1822 435 1871 faceres
449 1823 544 1885 (neque
558 1825 626 1872 enim
639 1823 711 1886 pote)
724 1839 786 1872 cura
799 1823 858 1872 sub·

431 1912 491 1972 egit.

130 1997 198 2045 haud
213 1997 290 2045 fallor
303 1997 384 2059 (quod
398 2005 427 2045 ut
438 2000 555 2062 opotius,
570 2000 738 2059 Rhamnusia,
751 1999 854 2064 sallur):

130 2101 189 2134 narn
203 2102 254 2148 qun
267 2094 291 2135 te
305 2101 383 2135 cuusa
396 2102 443 2135 nec
457 2088 539 2135 dulcis
552 2089 647 2151 pocula
659 2089 755 2137 Bacchi

58 2181 109 2223 2³0
130 2190 177 2222 nec
189 2176 309 2236 gravidos
324 2175 424 2225 Cereris
437 2176 523 2224 dicam
536 2177 684 2238 contingere
697 2176 772 2235 setus,

129 2279 180 2325 qua
193 2280 271 2313 causa
285 2266 315 2312 ad
331 2265 441 2328 putrium
455 2265 539 2312 solam
551 2265 658 2327 vigilare
672 2265 765 2324 cubile,

129 2359 243 2415 ternpore
257 2369 308 2415 quo
322 2353 401 2402 fessas
414 2354 535 2401 mortalia
547 2362 652 2416 pectora
665 2369 748 2411 curas,

129 2456 180 2502 quo
195 2442 299 2504 rapidos
313 2442 389 2490 ctiam
402 2442 566 2505 requiescunt
578 2442 684 2490 flumina
698 2441 804 2490 cursus?

128 2530 170 2577 dic
184 2545 231 2592 age
244 2545 313 2579 nunc
326 2532 433 2578 miserae
446 2531 545 2589 saltem,
562 2531 631 2593 quod
645 2545 721 2593 saepe
735 2529 830 2593 petenti

58 2623 109 2666 2³5
130 2618 233 2667 iurabas
247 2619 310 2666 nihil
325 2633 379 2667 esse
392 2619 464 2678 mihi,
480 2634 525 2667 cur
538 2626 636 2668 maesta
649 2619 763 2682 parentis

128 2706 255 2754 formosos
268 2707 364 2755 circum
377 2708 450 2770 virgo
463 2723 594 2758 remorare
606 2707 736 2770 cupillos‘l

121 2794 167 2840 hei
177 2795 250 2853 mihi,
268 2811 301 2845 nc
314 2797 389 2846 furor
401 2799 450 2849 illc
464 2807 526 2850 tuos
538 2798 674 2849 invaserit
684 2801 779 2846 artum
