1808 2956
84 187 144 234 370
322 192 485 232 P.VERG1L1
507 191 638 230 aaronis

152 351 179 396 in
192 365 328 397 numerum
341 356 493 409 versantque
507 347 590 395 tenaci
604 347 703 409 forcipe
717 363 841 396 massam.

188 437 258 485 Haec
271 445 344 499 pater
356 437 455 485 Aeoliis
469 445 590 498 properat
603 436 665 483 dum
677 436 806 485 Lemnius
825 438 876 494 oris,

82 532 132 574 455
152 527 302 574 Euandrum
315 541 348 574 ex
361 525 451 572 humili
466 532 532 571 tecto
546 525 592 571 lux
605 524 714 572 suscitat
726 526 800 574 alma

153 623 177 663 et
189 614 307 661 matutini
321 614 455 660 volucrum
468 613 514 661 sub
529 614 642 661 culmine
656 621 758 662 cantus.

154 703 285 763 consurgit
297 703 383 750 senior
397 703 535 763 tunicaque
549 701 679 749 inducitur
692 711 766 751 artus

153 798 178 838 et
190 791 324 852 Tyrrhena
336 790 432 851 pedum
445 790 587 838 circumdat
600 790 703 839 vincula
717 791 826 852 plantis,

153 887 207 926 turn
214 878 287 926 lateri
301 885 379 939 atquc
391 879 485 926 umeris
494 879 641 940 Tegeaeum
655 879 774 940 subligat
788 895 879 937 ensem,

83 971 134 1014 460
155 967 265 1014 demissa
279 965 310 1014 ab
325 966 397 1014 laeva
410 966 552 1028 pantherae
566 975 637 1028 terga
650 976 817 1030 retorquens.

153 1069 200 1102 nec
214 1069 266 1101 non
280 1063 305 1101 ct
317 1055 413 1115 gemini
428 1057 546 1103 custodes
560 1056 650 1103 limine
663 1056 695 1103 ah
710 1057 767 1104 alto

154 1143 310 1205 praecedunt
323 1157 490 1205 gressumque
504 1159 580 1192 canes
594 1144 753 1192 comitantur
766 1147 865 1195 erilem.

153 1230 262 1292 hospitis
276 1232 380 1278 Aeneae
393 1232 480 1279 sedem
494 1239 519 1280 et
531 1241 630 1280 secreta
643 1232 748 1294 petebat

154 1333 301 1366 sermonum
315 1334 412 1367 memor
426 1328 451 1368 et
462 1321 582 1382 promissi
596 1321 710 1368 muneris
725 1321 813 1370 heros.

83 1411 134 1453 465
154 1421 201 1453 nec
214 1407 299 1454 minus
313 1410 415 1455 Aeneas
429 1423 456 1456 se
469 1411 609 1457 matutinus
623 1409 725 1471 agebat.

154 1494 221 1542 filius
235 1495 294 1542 huic
307 1495 403 1555 Pallas,
418 1497 458 1544 illi
473 1512 558 1545 comes
572 1498 625 1545 ibat
637 1498 762 1546 Achates.

154 1585 284 1645 congressi
298 1585 408 1645 iungunt
422 1585 523 1633 dextras
537 1587 680 1648 mediisque
692 1587 814 1635 residunt

154 1672 260 1720 aedibus
274 1680 299 1720 et
312 1673 383 1720 licito
397 1675 502 1721 tandem
514 1690 632 1723 sermone
646 1675 775 1723 fruentur.

152 1775 197 1808 rex
211 1762 281 1823 prior
293 1762 366 1810 haec.

82 1853 133 1896 470
149 1838 272 1898 ‘maxime
291 1849 452 1897 Teucrorum
478 1851 583 1909 ductor,
612 1864 663 1913 quo
688 1852 787 1914 sospite
812 1868 883 1900 nuru·

454 1954 532 2000 quam

153 2039 192 2072 res
207 2026 326 2086 equidem
339 2027 434 2075 Troiae
447 2027 525 2074 victas
540 2035 584 2074 aut
596 2042 677 2088 regna
689 2027 801 2088 fatebor,

153 2112 226 2160 nobis
241 2114 273 2160 ad
288 2114 348 2161 belli
363 2115 489 2162 auxilium
504 2131 549 2176 pro
564 2116 668 2164 nomine
681 2124 755 2164 tanto

152 2200 262 2261 exiguae
275 2203 355 2250 vires:
377 2203 438 2251 hinc
451 2204 537 2251 Tusco
552 2204 697 2251 claudimur
711 2206 792 2264 amni,

152 2287 213 2336 hinc
226 2289 336 2339 Rutulus
349 2293 442 2353 premit
455 2300 480 2340 et
490 2307 591 2339 murum
605 2293 781 2341 circumsonat
795 2296 879 2342 armis.

82 2381 133 2424 475
154 2377 198 2425 sed
213 2377 258 2425 tibi
272 2394 320 2440 cgo
334 2380 446 2440 ingentis
460 2381 570 2442 populos
584 2382 760 2443 opulentaque
773 2384 859 2445 regnis

153 2465 260 2526 iungere
274 2476 357 2516 castra
370 2483 443 2530 paro,
459 2484 536 2530 quam
551 2469 602 2516 fors
616 2469 724 2531 inopina
737 2472 850 2520 salutem

154 2561 273 2604 ostentat·
302 2556 360 2604 satis
373 2555 424 2604 huc
438 2557 640 2619 reposcentibus
654 2558 748 2606 adfers.

138 2643 214 2696 Iraud
226 2648 326 2712 procul
341 2647 405 2698 hinc
420 2662 485 2696 saxo
499 2646 624 2694 incoi'rtur
636 2645 860 2690 tundamuemsm

41 2748 95 2780 ιι..
