1808 2956
306 181 454 222 Annuloos
475 184 562 223 LIBER
580 185 599 223 1.

120 340 217 403 impius
230 347 290 388 aute
303 355 360 388 arus
373 347 450 402 atque
464 341 519 388 auri
533 356 624 389 caecus
638 356 725 389 amore

69 434 103 488 350
122 429 192 477 clem
205 427 273 477 ferre
286 429 419 477 incautum
432 437 545 492 superat,
561 445 665 477 securus
680 445 796 478 amorum

121 532 279 580 germanae3
298 518 445 578 factumque
459 518 502 565 diu
516 519 608 565 celavit
621 527 645 566 et
658 533 762 579 aegram

81 600 86 611 ¹
122 606 207 655 multa
219 607 303 654 malus
317 606 441 653 simulans
455 622 521 654 vana
534 621 579 668 spe
593 607 653 654 lusit
667 614 804 654 amantem.

122 696 182 758 ipsa
193 695 238 742 sed
252 696 279 742 in
293 695 388 742 somnis
402 695 528 742 inhumati
543 695 612 742 venit
624 695 710 757 imago

123 783 252 845 coniugis,
269 798 316 831 era
327 784 411 831 modis
425 784 547 831 attollens
560 783 660 846 pallida
672 785 742 831 miris

58 877 104 921 ³55
124 872 237 920 crudelis
251 887 308 920 aras
322 873 479 934 traiectaque
493 880 598 934 pectora
611 872 678 920 ferro

124 961 233 1009 nudavit
246 976 403 1022 caecumque
417 962 508 1008 domus
522 962 606 1009 scelus
620 977 696 1009 omne
709 962 810 1010 retexit.

124 1057 179 1097 turn
193 1049 306 1097 celerare
319 1049 406 1109 fugam
421 1050 555 1112 patriaque
569 1051 692 1099 excedere
706 1051 796 1099 suadet

125 1137 305 1199 auxiliumque
318 1138 374 1185 viae
387 1138 478 1185 veteris
492 1140 583 1186 tellure
597 1140 707 1186 recludit

124 1226 270 1284 thesauros,
286 1227 404 1287 ignotum
418 1228 516 1287 argenti
530 1229 631 1289 pondus
645 1236 670 1276 et
683 1229 746 1276 anri.

59 1319 106 1363 360
126 1316 167 1364 his
181 1323 313 1363 commota
325 1315 413 1376 sugam
426 1315 495 1363 Dido
510 1317 646 1379 sociosque
660 1317 776 1379 parabat.

127 1405 284 1453 conveniunt
297 1404 389 1466 quibus
403 1405 548 1452 untedium
562 1405 666 1453 crudele
682 1406 783 1467 tyranni

14 1504 19 1617 1
127 1500 173 1541 aut
185 1500 267 1541 metus
282 1508 340 1541 acer
353 1500 423 1552 erat3
443 1508 520 1542 naves
534 1509 600 1556 quae
613 1494 678 1542 forte
691 1500 796 1556 paratae

128 1581 271 1643 corripiunt
285 1589 443 1643 onerantque
457 1597 535 1638 nure3
555 1589 690 1643 portantur
704 1582 771 1629 avari

127 1670 305 1732 Pygmalionis
319 1685 381 1732 opes
396 1672 505 1732 pelago3
526 1671 577 1717 dux
591 1670 687 1718 semina
700 1670 770 1717 faeti.

57 1764 107 1807 365
128 1760 252 1807 devenere
266 1759 338 1805 locos
352 1758 394 1805 ubi
409 1775 477 1807 nunc
490 1759 607 1819 iugentia
620 1759 702 1805 cernis

127 1848 231 1895 moenia
243 1855 442 1909 surgentemque
456 1863 537 1894 novae
551 1846 718 1904 Karthaginis
733 1861 826 1904 arcem,

128 1936 286 1997 mercat-ique
300 1936 393 1992 solum,
410 1936 470 1983 faeti
484 1936 515 1983 de
529 1935 632 1982 nomine
646 1935 763 1997 Byrsam,

128 2025 230 2071 taurino
245 2031 369 2086 quantum
383 2032 488 2086 possent
501 2024 660 2071 circumdare
674 2030 754 2085 terge.

128 2114 172 2161 sed
187 2128 231 2160 ves
245 2114 288 2175 qui
303 2114 416 2170 tandem,
433 2113 525 2174 quibus
539 2120 584 2160 aut
596 2113 699 2160 venistis
713 2111 745 2159 ab
759 2113 819 2169 oris,

56 2208 108 2252 370
128 2217 211 2264 quove
225 2202 316 2249 tenetis
330 2201 378 2248 iter
384 2193 404 2247 i’
429 2202 561 2262 quaerenti
575 2201 670 2249 talibus
683 2201 727 2249 ille

7 2352 10 2363 Ι
128 2291 260 2352 suspirans
274 2291 379 2351 imoque
393 2289 496 2337 trahens
511 2306 526 2338 a
539 2299 642 2352 pectore
656 2305 753 2338 vocem.

6 2368 11 2449 1
163 2378 194 2427 ‘0
210 2380 266 2437 (lea,
282 2379 302 2425 si
317 2379 399 2441 primu
412 2386 530 2440 repet-ens
544 2379 575 2426 ab
590 2379 690 2440 origine
704 2393 818 2441 pergam,

128 2475 154 2515 et
165 2475 239 2514 vacet
251 2468 352 2514 annalis
365 2475 512 2514 nostrerum
526 2469 615 2516 audire
628 2468 756 2525 laborum,

129 2563 188 2603 aute
202 2556 269 2603 diem
284 2557 372 2604 clauso
386 2564 521 2622 conponet
530 2557 634 2622 Vesper
647 2556 780 2621 (11111111.

49 2647 100 2688 375
118 2656 168 2688 uos
182 2642 260 2692 Troia
274 2646 395 2712 antiqua,
413 2650 437 2701 si
451 2659 558 2704 vestras
572 2651 647 2702 torte
659 2663 709 2713 per
725 2655 810 2694 aures
