1808 2956
60 171 120 220 504
298 178 461 218 aetatum
478 175 614 216 uaaoras

126 335 202 397 nigra
213 335 283 384 velut
273 341 403 396 tmagnas
416 332 514 381 domiui
528 348 588 381 cum
601 333 690 382 divitis
704 334 782 383 aedes
858 334 866 413 l

127 424 242 487 pervolat
255 431 280 472 et
292 423 377 486 pinnis
391 423 444 470 alta
456 422 522 471 atria
535 422 630 470 lustrat
643 422 769 482 hirundo,

57 515 107 561 475
127 512 224 575 pabula
237 527 315 575 parva
328 511 416 572 legens
430 510 550 573 nidisque
564 511 724 573 loquacibus
739 526 815 569 escas,

128 608 152 649 et
165 616 234 648 nunc
247 599 388 663 porticibus
401 599 497 658 vacuis,
514 614 584 647 nune
597 599 690 648 umida
704 601 801 649 circum

127 695 219 751 stagna
232 695 316 747 sonat,
331 688 423 735 similis
434 676 535 736 medios
548 687 659 736 Iuturna
673 703 721 751 per
734 689 812 736 hostis

127 777 207 826 fertur
220 777 292 839 equis
304 777 447 840 rapidoque
459 776 549 824 volans
563 775 619 824 obit
632 777 726 825 omnia
740 792 820 834 curru,

126 866 230 929 iamque
243 865 285 914 hic
298 879 459 927 germanum,
479 864 584 927 iamque
598 864 642 914 hie
656 871 774 914 ostentat
785 877 847 914 ovan-

426 960 486 1012 tem,

56 1048 107 1090 480
127 1057 174 1090 nec
188 1042 303 1091 conferre
316 1057 421 1090 manum
433 1041 537 1104 patitur,
553 1040 624 1088 volat
637 1042 697 1090 avia
711 1043 799 1105 longe.

127 1130 195 1178 hand
209 1131 293 1179 minus
307 1132 408 1178 Aeneas
422 1137 502 1178 tortos
515 1129 579 1190 legit
592 1129 683 1178 obvius
698 1132 776 1180 orbes

127 1220 285 1282 vestigatque
299 1220 380 1267 virum
393 1226 418 1266 et
431 1219 537 1267 disiecta
551 1233 596 1280 per
609 1219 720 1279 agmina
733 1234 825 1282 magna

126 1321 188 1355 voce
201 1315 283 1355 vocat.
312 1307 430 1370 quotiens
443 1307 533 1355 oeulos
547 1307 660 1355 coniecit
672 1307 700 1354 in
714 1308 814 1357 hostem

127 1396 310 1458 alipedumque
322 1396 411 1458 fugam
425 1410 500 1443 cursu
513 1395 648 1457 temptavit
661 1410 798 1458 equorum,

56 1489 107 1532 485
128 1499 229 1533 aversos
242 1485 336 1533 totiens
350 1499 437 1533 currus
450 1484 558 1532 Iuturna
571 1485 685 1533 retorsit.

128 1572 186 1632 heu,
202 1574 264 1637 quid
278 1574 356 1635 agat?
380 1572 451 1620 vario
464 1572 622 1634 nequiquam
635 1573 748 1622 fluctuat
761 1582 826 1623 aestu

127 1662 292 1725 diversaeque
304 1668 397 1710 vocant
411 1661 525 1708 animum
538 1659 564 1708 in
579 1663 712 1711 contraria
726 1679 811 1712 curae.

127 1748 187 1798 haic
200 1751 342 1813 Messapus,
359 1750 394 1797 uti
409 1749 482 1798 laeva
495 1750 546 1796 duo
559 1747 625 1796 forte
637 1751 749 1810 gerebat

127 1837 205 1897 lenta,
221 1838 282 1886 levis
296 1854 380 1896 eursu,
396 1838 510 1901 praelixa
523 1836 628 1884 hastilia
642 1837 720 1899 ferro,

57 1931 107 1973 490
127 1925 218 1973 horum
232 1943 311 1975 unuin
326 1935 394 1976 certo
408 1933 581 1989 contorquens
595 1925 685 1987 dirigit
698 1928 763 1976 ictu.

126 2014 239 2062 substitit
252 2016 352 2063 Aeneas
367 2023 430 2063 etse
444 2013 550 2075 collegit
562 2013 587 2060 in
602 2028 685 2074 arura,

127 2103 224 2164 poplite
237 2103 387 2162 subsidens3
408 2104 509 2165 apicem
522 2110 607 2150 tamen
621 2102 704 2153 incita
716 2120 843 2155 summum

127 2191 201 2238 hasta
213 2192 272 2238 tulit
284 2206 449 2254 summasque
461 2190 575 2239 excussit
587 2191 681 2240 vertice
695 2194 798 2244 cristus.

126 2287 179 2326 tum
193 2294 251 2327 vero
266 2281 408 2343 adsurgunt
420 2281 482 2340 irae,
497 2279 651 2341 insidiisque
663 2282 800 2345 subactus,

56 2372 106 2415 495
127 2367 239 2415 diversos
253 2368 295 2415 ubi
309 2370 386 2417 sentit
399 2383 479 2431 equos
493 2382 647 2430 currumque
660 2370 762 2432 referri,

126 2457 207 2503 multa
218 2456 305 2504 lovem
319 2466 344 2505 et
356 2458 417 2506 laesi
432 2464 538 2505 testatus
552 2456 663 2504 foederis
677 2473 737 2508 aras

125 2545 176 2591 iarn
190 2545 294 2593 tandem
307 2545 405 2593 invadit
417 2546 516 2593 medios
529 2554 554 2594 et
566 2545 649 2593 Marte
663 2549 783 2599 secundo

116 2636 245 2690 terribilis
260 2652 368 2690 suevam
380 2635 457 2686 utillo
471 2632 623 2684 discrimina
633 2634 744 2682 eaedem
