1808 2956
304 181 451 220 AENEIDOS
475 182 562 221 LIBER
578 184 618 222 IV.
798 176 858 224 243

134 336 203 383 adsis
217 350 232 383 o
246 337 415 400 placidusque
427 337 497 386 iuves
511 345 536 386 et
548 339 633 387 sidera
646 339 718 387 caelo

134 424 225 472 dextra
237 417 323 472 feras.³
348 426 414 473 dixit
425 426 571 488 vaginaque
584 426 660 489 eripit
672 442 760 476 ensem

58 518 112 561 580
133 511 285 560 fulmineum
299 514 439 575 strictoque
452 514 511 561 ferit
522 515 665 563 retinacula
678 515 754 563 ferro.

133 601 203 649 idem
209 601 292 648 omnis
299 602 375 649 simul
383 603 459 650 ardor
464 602 550 661 habet,
560 602 715 664 rapiuntque
720 611 858 667 ruontque,

133 691 210 738 litora
223 691 366 748 deseruere,
381 691 444 738 latet
456 691 502 738 sub
517 691 641 739 classibus
655 706 762 754 aequor,

132 779 222 826 adnixi
235 785 358 840 torquent
369 793 473 840 spumas
487 786 511 827 et
524 780 628 828 caerula
640 786 751 827 verrunt.

167 867 263 915 Etiam
276 867 360 929 prima
373 881 439 914 novo
453 868 590 929 spargebat
603 869 699 916 lumine
713 874 795 916 terras

59 960 112 1004 585
133 955 239 1003 Tithoni
253 970 372 1003 croceum
385 956 505 1017 linquens
518 957 621 1004 Aurora
634 957 727 1004 cubile.

132 1045 222 1105 regina
235 1059 249 1092 e
262 1044 373 1106 speculis
386 1051 415 1090 ut
427 1044 538 1105 primum
552 1045 681 1093 albescere
695 1045 779 1092 lucem

132 1132 196 1179 vidit
208 1140 233 1180 et
247 1132 362 1194 aequatis
377 1132 484 1180 classem
497 1134 636 1195 procedere
649 1133 711 1182 velis

132 1220 259 1282 litoraque
272 1227 298 1269 et
309 1235 403 1268 vacuos
417 1221 496 1268 sensit
507 1220 562 1268 sine
575 1221 672 1282 remige
684 1227 782 1283 portus,

132 1315 221 1370 terque
235 1316 376 1370 quaterque
389 1324 467 1357 manu
480 1316 568 1371 pectus
582 1324 703 1371 percussa
716 1309 840 1358 decorum

61 1403 112 1446 590
132 1397 299 1458 flaventisque
313 1396 427 1445 abscissa
440 1411 527 1445 comas
536 1387 596 1459 ‘pro
609 1397 733 1460 Iuppiter,
748 1397 796 1445 ibit

133 1475 182 1532 hic'
196 1484 232 1531 ait
241 1472 278 1532 ‘et
290 1485 383 1532 nostris
397 1484 514 1533 inluserit
526 1486 625 1534 advena
637 1485 742 1547 regnis?

133 1586 186 1619 non
200 1587 271 1620 arma
284 1574 421 1635 expedient
434 1580 540 1635 totaque
553 1587 585 1621 ex
597 1573 660 1621 urbe
673 1579 813 1634 sequentur

134 1660 310 1723 deripientque
324 1669 390 1709 rates
404 1662 448 1709 alii
462 1661 614 1709 navalibus?
632 1661 676 1719 ite,

132 1748 196 1796 ferte
209 1749 252 1796 citi
265 1749 390 1808 flammas,
407 1749 466 1797 date
479 1749 539 1807 tela,
554 1748 671 1810 inpellite
683 1748 783 1796 remosl

60 1842 110 1886 595
132 1837 194 1898 quid
207 1837 317 1899 loquor?
336 1844 381 1884 aut
398 1837 441 1884 ubi
455 1837 528 1884 sum?
548 1850 614 1898 quae
633 1841 744 1884 mentem
758 1836 861 1884 insania

434 1924 531 1972 mutat?

131 2013 224 2061 infelix
235 2012 315 2072 Dido,
331 2027 400 2061 nunc
414 2021 438 2060 te
452 2013 520 2060 facta
532 2012 612 2074 impia
625 2011 753 2074 tangunt?

132 2109 186 2148 tum
194 2101 289 2160 decuit,
306 2117 363 2149 oum
377 2107 478 2163 sceptra
486 2099 574 2148 dabas.
591 2101 721 2148 endextra
733 2100 858 2162 fidesque,

79 2207 81 2211 ¹
133 2204 210 2251 quem
223 2205 310 2239 secum
323 2189 419 2251 patrios
434 2189 507 2236 aiunt
519 2195 622 2250 portare
635 2195 750 2250 penates,

132 2293 209 2340 quem
222 2278 331 2325 subiisse
344 2276 438 2324 umeris
456 2276 602 2325 confectum
619 2283 703 2324 aetate
715 2281 858 2338 parentem.

60 2372 112 2415 600
132 2380 185 2413 non
199 2366 271 2428 potui
286 2366 420 2427 abreptum
433 2364 554 2413 divellere
568 2379 660 2426 corpus
674 2370 699 2412 et
712 2363 788 2410 undis

132 2468 262 2516 spargere,
278 2468 331 2501 non
344 2453 438 2511 socios,
453 2467 506 2500 non
519 2453 604 2514 ipsum
618 2451 751 2499 absumere
764 2451 831 2500 ferro

132 2542 275 2590 Ascanium
286 2542 430 2605 patriisque
444 2541 611 2606 epulanbum
620 2552 726 2603 ponere
734 2534 857 2582 mens&

113 2643 211 2676 rerum
225 2645 324 2696 auceps
336 2648 450 2698 pugnae
465 2633 558 2684 iuerat
568 2632 699 2681 lortuna.
712 2620 847 2748 gfxbbffib'·

684 2709 704 2752 Χ
