1808 2956
300 186 448 226 Artuuruos
469 187 555 226 treus
572 188 614 227 111.
794 180 849 226 211

129 342 267 390 sternimur
281 351 383 405 optatae
396 343 495 404 gremio
509 344 608 392 telluris
622 345 654 392 ad
668 345 774 404 undam,

57 436 109 479 510
130 431 213 478 sortiti
227 445 321 489 remos,
336 431 484 493 passimque
497 432 523 479 in
538 432 613 480 litore
626 433 695 481 sicco

130 534 240 581 corpora
253 533 385 577 curamus3
406 518 486 567 sessos
500 535 579 582 sopor
590 521 686 582 inrigat
700 529 778 568 artus.

129 609 240 656 necdum
254 607 342 655 orbem
355 608 469 657 medium
482 607 542 656 Nox
554 607 631 656 Horis
644 616 702 657 acta
714 609 827 668 subibat,

97 704 99 707 ’
129 697 198 745 haud
212 697 298 758 segnis
312 703 392 744 strato
405 697 487 758 surgit
499 695 638 751 Palinurus
652 704 678 744 et
690 698 774 745 omnis

130 786 250 848 explorat
262 792 351 834 ventos
365 792 442 847 atque
456 785 560 833 eruribus
573 798 634 833 uera
647 793 742 847 captat,

59 881 109 924 515
130 875 215 922 sidera
228 880 321 921 cuncta
334 881 407 921 notat
420 873 498 921 tacito
512 873 628 921 labentia
641 873 723 931 caelo,

130 970 260 1011 arcturum
273 962 425 1024 pluriesque
438 962 535 1024 hyadas
549 962 719 1023 geminosque
731 961 837 1022 triones,

129 1062 308 1112 armatumque
322 1065 385 1098 auro
399 1050 574 1112 circumspicit
587 1049 695 1099 Oriona.

129 1148 267 1203 postquam
280 1147 373 1186 cuncta
385 1139 455 1187 videt
467 1140 540 1188 caelo
554 1146 672 1187 constare
684 1153 785 1199 serane,

130 1231 175 1276 dat
187 1229 286 1276 clarum
299 1242 313 1276 e
325 1228 406 1290 puppi
419 1228 537 1289 signum3
557 1243 604 1276 nos
624 1234 708 1276 castra
725 1243 858 1278 movemus

26 1368 28 1372 ,
59 1324 109 1367 520
130 1325 337 1379 temptamusque
349 1317 417 1364 viam
431 1323 457 1364 et
468 1316 583 1363 velorum
596 1317 735 1378 pandimus
748 1318 813 1366 alas.

128 1407 232 1469 iamque
245 1405 397 1474 rubescebat
409 1405 490 1453 stellis
503 1406 607 1453 Aurora
620 1405 723 1467 fugatis,

129 1510 188 1543 cum
200 1495 291 1556 procul
305 1493 428 1542 obscuros
442 1493 515 1542 collis
528 1492 704 1555 humilemque
718 1494 833 1542 videmus

129 1583 241 1631 Italiam.
268 1582 372 1631 Italiam
385 1582 481 1644 primus
495 1582 642 1629 conclamat
654 1582 776 1641 Achates,

129 1671 233 1719 Italiam
246 1671 314 1719 laeto
328 1670 392 1718 socii
406 1671 518 1718 clamore
532 1671 654 1718 salutant.

61 1765 111 1807 525
132 1767 187 1806 tum
200 1765 272 1821 pater
283 1758 411 1807 Anchises
425 1773 548 1819 magnum
562 1765 660 1805 cratera
673 1772 770 1807 corona

131 1846 216 1893 induit
228 1846 386 1909 inplevitque
399 1861 471 1894 mero
485 1847 609 1908 divosque
622 1846 723 1893 vocavit

130 1944 200 1983 stans
214 1935 283 1984 celsa
295 1936 321 1982 in
336 1934 425 1997 puppi.

126 2013 163 2070 ‘di
177 2024 255 2071 maris
268 2030 293 2072 et
305 2031 388 2071 terrac
401 2030 633 2085 tempestatumque
646 2029 773 2084 potentes,

128 2112 193 2160 ferte
205 2113 274 2160 viam
286 2119 362 2159 vento
376 2111 479 2159 facilem
492 2119 517 2159 et
529 2112 624 2174 spirate
637 2103 763 2159 secundi'

59 2206 109 2248 530
130 2200 295 2248 crebrescunt
307 2207 411 2262 optatae
425 2214 502 2248 aurae
516 2208 657 2262 portusque
670 2199 779 2262 patescit

129 2290 182 2337 ism
194 2290 301 2352 propior
313 2289 489 2350 templumque
497 2288 604 2350 adparet
615 2287 642 2334 in
650 2288 855 2336 arceMineruae.

130 2378 189 2426 reia
200 2378 291 2438 legunt
304 2377 367 2425 socii
380 2384 406 2424 et
418 2391 508 2438 proras
521 2376 553 2424 ad
567 2377 644 2424 litora
656 2383 786 2438 torquent.

130 2473 219 2528 portus
233 2464 265 2512 ab
279 2479 358 2513 euroo
371 2465 449 2513 fluctu
463 2473 581 2513 curvatus
594 2465 620 2511 in
635 2479 744 2521 arcum‘,

130 2554 246 2602 obiectae
258 2553 329 2602 salsa
341 2562 468 2617 spumant
482 2554 648 2619 adspergine
661 2557 780 2600 cantes&

48 2646 99 2686 535
117 2640 269 2702 1'1rselatet5
287 2645 403 2707 gemino
418 2647 576 2698 demittunt
583 2637 734 2758 trecensu}
738 2637 827 2731 {mm

685 2721 706 2764 h
