1808 2956
121 180 182 228 228
360 189 386 226 Ρ.
404 187 525 227 vanalnl
543 186 674 226 unacum

189 360 258 393 nunc
271 345 381 393 hiemem
394 345 460 392 inter
473 359 500 392 se
514 344 585 401 luxu,
602 359 681 406 quam
694 344 783 404 longa,
800 345 890 395 lovere

189 448 328 495 regnorum
341 434 495 481 inmemores
509 433 628 495 turpique
642 432 762 494 cupidine
776 441 880 497 captos.

121 527 168 570 195
188 523 253 571 haec
266 522 362 586 passim
375 523 424 570 dea
436 522 513 569 foeda
525 522 606 569 virum
620 521 741 569 diffundit
753 521 781 568 in
795 536 853 571 ora.

188 611 305 674 protinus
320 611 352 658 ad
366 625 453 672 regem
467 624 555 658 cursus
569 610 704 672 detorquet
717 610 813 658 Iarban

188 700 355 762 incenditque
369 700 485 747 animum
498 698 571 746 dictis
586 705 663 760 atque
676 705 784 760 aggerat
797 699 861 748 iras.

224 788 274 837 Hic
311 787 456 836 Hammone
493 793 582 844 satus,
622 795 696 848 rapta
734 785 903 838 Garamanti·

491 875 613 938 nympha,

189 966 285 1029 templa
298 966 352 1014 Iovi
366 972 469 1013 centum
482 965 540 1013 latis
554 965 670 1012 inmania
682 965 777 1025 regnis,

118 1060 170 1103 200
190 1062 293 1102 centum
306 1069 363 1102 aras
376 1054 475 1116 posuit,
495 1054 649 1116 vigilemque
663 1061 809 1101 sacraverat
821 1055 884 1116 igne
901 1078 904 1099 ι

189 1142 310 1192 excubias
325 1143 410 1190 divom
423 1149 548 1201 aeternas,
565 1143 744 1204 pecudumque
758 1156 849 1191 cruore

189 1233 286 1294 pingue
298 1232 384 1278 solum
397 1238 422 1278 et
434 1231 510 1278 variis
523 1232 642 1279 florentia
655 1231 746 1278 limina
758 1231 841 1279 sertis.

182 1306 363 1382 'isque'amens
377 1319 457 1368 animi
471 1327 495 1368 et
508 1335 610 1368 rumore
624 1335 746 1368 accensus
760 1334 850 1367 amaro

189 1408 283 1456 dicitur
296 1415 355 1456 ante
368 1423 425 1457 aras
439 1409 525 1456 media
537 1409 604 1457 inter
616 1409 724 1457 numina
738 1408 824 1456 divom

118 1503 169 1546 205
189 1498 271 1545 multa
283 1498 370 1545 Iovem
382 1497 501 1546 manibus
515 1499 625 1561 supplex
639 1512 725 1545 orasse
737 1498 845 1560 supinis.

186 1576 313 1649 ‘Iuppiter
325 1587 498 1649 omnipotens,
515 1587 555 1634 cui
569 1600 638 1633 nunc
651 1585 783 1632 Maurusia
796 1586 873 1647 pictis

189 1690 252 1738 gens
265 1675 370 1738 epulata
383 1676 445 1723 toris
458 1675 591 1723 Lenaeum
605 1675 670 1723 libat
681 1674 816 1731 honorem,

189 1765 282 1828 aspicis
290 1765 370 1813 haec?
385 1780 417 1812 an
431 1771 464 1822 te,
480 1764 590 1825 genitor,
607 1779 666 1811 oum
679 1763 789 1810 fulmina
802 1771 904 1826 torque

189 1854 348 1916 nequiquam
361 1853 495 1900 horremus
509 1854 631 1915 caecique
644 1853 671 1898 in
685 1851 796 1898 nubibus
810 1851 885 1912 ignes

119 1947 170 1989 210
190 1943 331 1990 terrificant
345 1942 444 1989 animos
458 1949 483 1989 et
496 1942 585 1990 inania
598 1955 730 1989 murmura
743 1940 871 1989 miscent?

189 2031 286 2078 semina
299 2045 365 2092 quae
377 2030 472 2078 nostris
497 2044 584 2078 errans
597 2028 624 2075 in
637 2027 731 2075 finibus
745 2028 835 2076 urbem

190 2119 310 2180 exiguam
323 2119 405 2181 pretio
418 2119 512 2182 posuit,
529 2119 569 2167 cui
583 2118 643 2165 litus
657 2117 783 2164 arandum

190 2208 283 2271 cuique
296 2208 347 2255 loci
360 2209 430 2269 leges
444 2208 569 2266 dedimus,
584 2205 695 2254 conubia
708 2212 796 2252 nostra

189 2297 301 2360 reppulit
314 2312 344 2345 ac
358 2297 492 2344 domiuum
504 2297 613 2344 Aenean
625 2296 653 2342 in
666 2310 746 2356 regna
759 2296 865 2358 recepit.

118 2390 169 2433 215
189 2392 215 2433 et
226 2400 295 2434 nunc
308 2386 352 2434 ille
365 2386 438 2433 Paris
452 2400 510 2433 cum
523 2385 641 2433 semiviro
655 2385 786 2442 comitatu,

189 2474 311 2522 Maeonia
323 2482 438 2522 mentum
451 2475 527 2521 mitra
540 2475 688 2536 crinemque
700 2474 848 2522 madentem

188 2562 328 2623 subnexus,
343 2569 418 2627 rapto
430 2563 543 2627 potitur:
565 2577 612 2610 nos
625 2577 733 2610 munera
745 2563 846 2623 templis

172 2651 273 2716 qffl'ppe
288 2654 340 2703 tuis
353 2654 466 2705 ferimus
481 2653 637 2717 famamque
648 2650 769 2698 lavemus
778 2649 902 2693 inanem.
