1808 2956
286 186 433 227 Aruernos
451 186 538 226 5101111
555 186 610 227 xn.
791 177 848 225 507

54 351 104 395 550
125 352 150 394 et
161 345 295 407 Messapus
309 359 383 393 ecum
396 345 508 393 domitor
520 352 545 394 et
557 345 629 393 fortis
643 345 729 394 Asilas

124 435 320 496 Tuscorumque
333 434 449 496 phalanx
462 434 629 497 Euandrique
642 435 758 483 Arcades
771 435 828 483 alac

124 537 171 586 pro
185 537 212 571 se
226 522 335 585 quisque
347 523 392 570 viri
406 537 507 570 summa
520 522 636 569 nituntur
649 537 727 585 opum
740 523 780 582 vi3

124 627 173 660 nec
185 626 267 670 mora,
283 626 330 658 nec
343 611 453 673 requies,
468 618 540 658 vasto
554 611 693 659 certamine
706 611 823 659 tendunt.

161 699 209 747 Hic
222 706 334 747 mentem
341 701 446 748 Aeneae
459 699 576 760 genetrix
589 699 763 761 pulcherrima
773 699 852 758 misit,

55 794 104 837 555
125 789 174 836 iret
187 796 214 837 ut
227 790 259 836 ad
273 803 359 837 muros
373 788 482 851 urbique
495 788 638 836 adverteret
651 802 743 849 agmen

126 877 197 925 ocius
211 884 235 925 et
248 877 333 924 subita
346 877 460 925 turbaret
473 877 547 925 clade
560 876 676 924 Latinos.

125 964 171 1012 ille
184 974 212 1012 ut
224 965 352 1026 vestigans
367 965 466 1012 diversa
479 979 525 1027 per
538 965 643 1026 agmina
656 965 773 1012 Turnum

125 1053 176 1102 huc
189 1062 267 1116 atque
280 1053 330 1102 1150
344 1053 411 1101 acics
426 1053 590 1111 circumtulit,
607 1053 700 1115 aspicit
711 1053 801 1102 urbem

125 1143 266 1191 immunem
279 1143 342 1191 tanti
357 1143 417 1190 beili
432 1149 508 1204 atque
521 1143 618 1204 inpune
632 1142 754 1204 quietam.

55 1236 105 1294 560
125 1232 248 1279 continuo
261 1246 364 1294 pugnae
378 1231 495 1279 accendit
507 1232 611 1280 maioris
625 1232 728 1293 imag03

124 1320 261 1368 Mnesthea
272 1318 472 1382 Sergestumque
485 1328 560 1369 vocat
572 1319 855 1382 fortemqueSerestum

126 1410 243 1457 ductores
257 1409 436 1471 tumulumque
450 1411 519 1472 capit
533 1425 584 1471 quo
599 1417 683 1458 cetera
696 1409 825 1458 Teucrum

127 1497 257 1544 concurrit
269 1499 337 1559 legio
351 1512 399 1546 nec
412 1506 485 1546 scuta
498 1506 542 1546 aut
555 1499 655 1560 spicula
669 1498 741 1545 densi

127 1583 267 1645 deponunt.
296 1586 364 1632 celso
377 1587 476 1634 medius
492 1593 561 1633 stans
575 1601 669 1647 aggere
683 1586 758 1634 fatur.

56 1678 106 1722 565
126 1671 221 1732 ‘nequa
233 1671 296 1718 meis
310 1678 364 1718 esto
379 1672 452 1720 dictis
466 1688 554 1721 mora:
575 1675 691 1736 Iuppiter
703 1676 753 1723 hac
765 1681 831 1722 stat:

126 1774 176 1808 neu
191 1759 247 1821 quis
262 1759 294 1806 ob
308 1760 440 1821 inceptum
452 1761 564 1809 subitum
577 1762 640 1808 mihi
654 1764 759 1824 segnior
771 1764 816 1811 ite.

126 1848 316 1907 111110151101110,
333 1862 434 1896 causam
449 1848 520 1906 belli,
536 1863 616 1910 regna
629 1849 686 1912 ipsa
699 1852 794 1910 Latini,

126 1938 153 1985 ni
167 1938 266 1985 frenum
280 1937 397 1999 accipere
410 1943 435 1984 et
447 1936 506 1984 victi
519 1951 609 1998 parere
622 1937 743 1998 fatentur,

128 2041 215 2075 eruam
229 2034 253 2074 et
265 2041 350 2089 aequa
362 2026 419 2073 solo
433 2026 559 2073 fumantia
572 2026 686 2074 culmina
698 2023 802 2089 ponam.

57 2120 107 2166 510
127 2116 225 2164 scilicet
238 2123 380 2178 expectem,
396 2115 476 2163 libeat
489 2115 550 2162 dum
563 2115 662 2176 proelia
675 2114 764 2162 Turno

127 2211 215 2252 nostra
227 2205 279 2266 pati
294 2219 432 2266 rursusque
445 2204 505 2252 velit
518 2217 670 2251 concurrere
683 2202 782 2250 victus?

127 2293 177 2340 1100
191 2299 276 2354 caput,
293 2307 307 2340 o
322 2293 397 2352 cives,
414 2293 478 2340 hacc
492 2292 552 2340 belli
567 2307 667 2339 summa
681 2291 794 2339 nefandi.

127 2381 190 2428 forte
202 2381 271 2429 faces
285 2397 393 2444 propere
407 2381 548 2442 foedusque
562 2382 689 2443 reposcite
703 2372 832 2428 flammis.’

129 2470 236 2528 dixerat,
253 2477 330 2531 atque
343 2470 436 2517 animis
450 2469 545 2532 pariter
558 2471 714 2518 certantibus
728 2483 817 2517 omnes

57 2564 108 2610 515
129 2559 192 2605 duint
205 2573 315 2606 cuneum
329 2559 459 2620 densaque
472 2559 504 2606 ad
519 2574 606 2606 155100
620 2561 690 2607 mole
703 2559 836 2605 10155051,

125 2647 212 2694 scalae
223 2647 357 2710 inproviso
371 2647 531 2715 subitusque
544 2648 678 2713 adparuit
687 2645 780 2707 igine·
