1808 2956
289 192 437 230 annarnos
457 192 544 230 arana
563 193 603 231 ιν.
782 171 846 230 228

99 333 177 410 ‘quid
191 347 299 396 delubra
311 348 416 395 iurant?
452 356 489 396 est
502 349 588 396 mollis
601 348 705 395 tlarnma
715 349 850 396 medullas

115 438 213 484 interea
226 445 251 484 et
263 437 371 484 tacitum
384 437 444 484 vivit
456 436 502 484 sub
517 445 621 498 pectore
633 437 734 484 volnus.

115 526 198 572 mitur
209 512 301 572 infelix
313 524 383 571 Dido
397 532 502 586 totaque
515 533 623 586 vagatur

115 614 178 662 urbe
191 613 287 673 furens,
302 614 388 676 qualis
402 614 520 661 coniecta
532 627 607 661 cerva
619 613 723 674 sagitta,

62 708 95 752 70
116 717 194 765 quarn
206 703 297 764 procul
310 703 441 750 incautam
454 716 561 749 nemora
574 701 640 748 inter
653 699 742 750 Cresia
754 702 812 751 fixit

114 798 202 853 pastor
215 805 294 852 agens
308 791 366 838 telis
380 790 507 852 liquitque
519 789 625 837 volatile
638 789 733 838 serrum

114 879 233 938 nescius,
254 879 300 926 illa
314 879 375 940 luga
388 879 464 926 silvas
478 879 611 940 saltusque
623 887 744 940 peragrat

114 968 246 1024 Dictaeos,
263 966 351 1014 haeret
363 967 437 1014 lateri
451 967 535 1015 letalis
549 967 677 1015 harundo.

114 1070 183 1104 nuuc
196 1055 282 1103 media
293 1057 402 1104 Aenean
415 1070 502 1103 secum
516 1070 561 1118 per
574 1056 678 1104 moenia
690 1055 762 1104 ducit

62 1150 94 1195 75
116 1143 290 1207 Sidoniasque
302 1125 415 1192 ostentat
428 1159 490 1208 opes
503 1143 644 1206 urbemque
657 1152 795 1207 paratam

115 1233 206 1296 incipit
218 1233 299 1292 effari,
315 1225 452 1295 mediaque
466 1234 492 1280 in
505 1247 567 1281 voce
580 1233 691 1292 resistit3

114 1336 184 1369 nuno
197 1322 286 1370 eadem
300 1322 402 1370 labente
416 1323 457 1370 dic
471 1322 587 1370 convivia
601 1321 702 1384 quaerit

114 1411 260 1472 Iliacosque
272 1411 365 1459 iterum
379 1411 483 1459 demens
497 1411 585 1459 audire
599 1410 700 1458 labores

115 1499 232 1561 exposcit
243 1500 389 1561 pendetque
402 1500 494 1547 iterum
507 1499 635 1546 narrantis
649 1498 681 1546 ab
695 1513 749 1546 ore.

60 1594 93 1636 80
114 1595 181 1650 post,
198 1587 240 1634 ubi
254 1587 372 1648 digressi,
388 1587 527 1650 lumenque
540 1588 650 1636 obscura
662 1587 774 1634 vicissim

114 1676 178 1724 luna
189 1677 283 1738 premit
294 1677 454 1738 suadentque
468 1676 587 1724 cadentia
599 1675 685 1722 sidera
697 1689 815 1733 somnos,

115 1765 171 1812 sola
184 1765 261 1812 domo
274 1772 373 1813 maeret
385 1780 474 1824 vacua,
491 1765 628 1827 stratisque
642 1763 736 1811 relictis

114 1853 229 1901 incubat.
251 1853 326 1900 illum
338 1853 430 1901 absens
443 1853 574 1900 absentem
582 1851 706 1913 auditque
712 1851 847 1913 videtque,

115 1949 160 1989 aut
172 1941 270 2003 gremio
283 1942 435 2000 Ascanium,
450 1941 575 2002 genitoris
588 1939 702 2001 imagine
715 1948 800 2002 capta,

61 2035 94 2077 85
115 2030 221 2088 detinet,
236 2029 372 2078 infandum
385 2030 406 2077 si
420 2029 509 2077 fallere
522 2029 603 2091 possit
616 2043 740 2076 amorem.

115 2132 168 2165 non
182 2126 288 2181 coeptae
301 2119 444 2179 adsurgunt
456 2125 550 2176 turres,
570 2131 623 2164 non
642 2131 713 2164 arma
726 2117 849 2164 iuventus

114 2214 217 2254 exercet
229 2213 348 2268 portusve
362 2214 406 2254 aut
419 2207 615 2269 propugnacula
627 2204 696 2254 bello

115 2302 170 2342 tuta
183 2303 290 2357 parant3
311 2295 425 2357 pendent
438 2308 516 2356 opera
529 2293 671 2356 interrupta
683 2294 826 2355 minaeque

114 2398 247 2431 muromm
259 2383 376 2445 ingentes
389 2391 550 2445 aequataque
563 2383 684 2430 machina
696 2382 779 2430 caelo.

62 2477 94 2519 90
151 2469 236 2530 Quam
250 2472 326 2519 simul
340 2488 370 2520 ac
384 2472 428 2519 tali
442 2471 568 2533 persensit
580 2480 651 2534 peste
663 2470 745 2518 teneri

115 2574 175 2607 cara
187 2559 254 2607 loris
269 2560 391 2619 coniunx,
407 2574 455 2610 nee
469 2560 571 2610 lamam
583 2559 694 2608 cussare
703 2553 811 2605 aaron,

108 2646 202 2695 realibus
213 2649 324 2710 adgredi
328 2660 369 2699 tur
383 2653 524 2704 Venerem
537 2647 679 2703 Saturnia
691 2642 791 2691 dicias.
