1808 2956
394 197 480 236 erare.
771 189 831 237 55³

52 359 85 402 05
105 361 155 401 stat
167 353 282 416 Megara,
299 354 390 402 Actaei
404 354 536 416 quondam
548 354 648 402 munita
661 354 750 402 labore

93 432 228 491 ‘Alcathoi
241 442 407 505 Phoebique:
429 442 491 490 deus
505 457 617 504 namque
630 442 713 490 adfuit
725 443 763 490 illi
774 459 780 502 3

103 530 173 578 unde
186 531 263 579 etiam
277 531 391 580 citharae
403 545 478 579 voces
491 531 606 578 imitatus
620 537 708 578 acutas

103 633 181 681 saepe
194 619 260 682 lapis
273 627 390 682 recrepat
404 618 523 682 Cyllenia
535 633 667 666 murmura
679 619 767 681 pulsus

104 714 129 754 et
141 714 251 756 veterem
264 709 350 755 sonitu
363 707 461 756 Phoebi
475 712 582 755 testatur
594 720 718 755 amorem.

53 801 85 844 lo
104 797 171 844 hanc
185 796 283 855 urbem,
305 803 365 844 ante
379 797 444 846 alios
457 795 502 858 qui
515 802 570 842 tum
582 795 690 844 florebat
702 796 729 843 in
742 795 830 855 armis,

103 884 199 933 fecerat
211 885 331 933 infestam
345 886 482 948 populator
495 883 592 944 remige
605 883 698 942 Minos,

104 973 216 1036 hospitio
230 974 298 1036 quod
313 988 340 1021 se
352 973 408 1021 Nisi
422 973 544 1035 Polyidos
558 972 626 1019 avito

104 1060 273 1125 Carpathium
286 1062 388 1123 fugiens
402 1072 427 1110 et
438 1061 545 1108 flumina
558 1059 685 1110 Caeratea

102 1156 209 1198 texeret.
237 1151 306 1198 hunc
319 1150 389 1198 bello
403 1157 519 1212 repetens
533 1149 672 1211 Gortynius
685 1149 761 1198 heroe

51 1243 82 1285 15
103 1238 191 1287 Attica
205 1237 314 1287 Cretaea
326 1238 457 1286 sternebat
469 1253 529 1286 rura
542 1238 644 1300 sagitta.

102 1327 145 1374 sed
160 1341 243 1388 neque
257 1334 310 1374 turn
324 1328 400 1385 cives,
416 1341 500 1390 neque
513 1335 567 1374 tum
581 1342 626 1375 rex
638 1327 694 1389 ipse
706 1332 806 1375 veretur

102 1414 195 1462 infesto
209 1417 241 1462 ad
255 1430 342 1463 muros
355 1416 491 1464 volitantes
505 1418 608 1478 agmine
621 1423 717 1464 turmas

102 1503 198 1550 reicere
211 1510 237 1550 et
248 1505 387 1551 indomitas
401 1505 491 1553 virtute
505 1506 641 1553 retundere
654 1513 760 1562 mentes,

101 1603 252 1651 responsum
266 1592 388 1652 quoniam
402 1593 464 1640 satis
477 1600 515 1640 est
528 1592 675 1640 meminisse
688 1593 804 1640 deorum.

48 1682 81 1724 20
101 1690 162 1723 nam
175 1677 258 1738 capite
270 1692 286 1724 a
298 1692 399 1725 summo
412 1681 479 1740 regis
493 1679 622 1741 (mirabile
635 1680 718 1740 dictu)

101 1763 213 1813 candida
226 1765 352 1812 caesaries
365 1765 503 1827 (florebant
516 1774 633 1830 tempora
645 1767 740 1830 lauro),

84 1836 85 1839 Ἴ
100 1861 127 1903 at
139 1867 227 1901 roseus
241 1853 326 1900 medio
340 1854 462 1914 surgebat
473 1856 566 1903 vertice
580 1855 673 1912 erinis3

100 1943 172 1992 cuius
185 1957 264 2005 quam
277 1949 376 1990 servate
390 1943 434 1989 diu
447 1949 540 1990 natura
553 1943 650 2002 suisset,

99 2038 152 2079 tam
165 2031 276 2093 patriam
289 2031 445 2078 incolumem
458 2031 511 2079 Nisi
526 2046 686 2094 regnumque
700 2032 812 2080 futurum

48 2125 78 2168 25
99 2121 240 2168 concordes
253 2119 338 2167 stabili
352 2119 486 2166 firmarunt
504 2121 609 2168 nurnine
622 2135 724 2183 parcae.

99 2222 160 2270 ergo
174 2209 258 2256 omnis
272 2222 332 2257 caro
345 2208 474 2257 residebat
487 2224 549 2256 cura
562 2209 666 2271 capillo,

98 2311 177 2345 aurea
190 2297 309 2345 sollemni
323 2303 454 2359 comptum
468 2312 543 2360 quem
557 2297 637 2345 fibula
650 2297 699 2344 ritu

99 2383 241 2447 Cecropiae
254 2393 279 2434 et
292 2384 362 2434 tereti
377 2373 514 2434 nectebant
527 2387 602 2435 dente
616 2387 729 2435 cicadae.
801 2425 803 2429 ,

133 2471 187 2521 Nec
199 2487 258 2521 vero
273 2475 337 2523 haec
351 2474 420 2521 urbis
434 2475 552 2522 custodia
563 2489 630 2522 vana
642 2474 741 2534 suisset,

48 2567 78 2610 30
98 2561 214 2609 defuerat
227 2562 248 2609 si
263 2561 351 2624 Scylla
363 2576 430 2611 novo
445 2570 563 2626 correpta
575 2563 676 2620 furore„

91 2648 187 2710 Scylla,
194 2651 278 2712 patris
286 2652 377 2704 miseri
384 2641 872 2719 patnaeqaetnaentaseuaxmffi*
