1808 2956
61 170 122 216 364
300 177 325 214 Ρ.
344 176 464 213 l'ERGlLl
484 174 616 213 nnnoxls

130 349 178 382 nec
192 342 216 382 te
229 333 298 380 ullae
312 332 399 388 iacies,
414 345 467 376 uon
481 330 571 376 terruit
584 330 638 391 ipse
651 330 804 392 Typhoeus,

132 423 226 470 arduos
239 435 312 469 mma
325 429 423 476 tenens,
440 433 493 465 uon
506 427 531 466 te
544 418 653 465 rationis
666 429 789 480 egentem

61 517 113 559 300
132 510 263 558 Lernaeus
276 508 352 556 turba
364 508 478 569 capitum
491 507 660 554 circumstetit
672 510 780 569 anguis.

133 600 212 656 salve,
227 613 287 646 vera
299 597 367 644 loris
380 596 475 657 proles,
491 595 569 642 decus
583 595 672 643 addite
686 596 763 652 divis,

133 696 159 736 et
171 702 219 734 nos
232 695 257 734 et
270 694 314 733 tna
327 686 416 732 dexter
429 684 470 730 udi
484 684 550 745 pede
562 698 639 731 sacra
651 677 789 732 secuud0.'

134 776 198 823 talla
210 773 367 823 carminibus
381 772 527 829 celebrant;
548 773 730 833 superomnia
744 771 808 821 caci

134 864 284 926 speluncam
297 862 413 911 adiciunt
425 861 618 922 spirantemque
631 861 738 921 ignibus
751 862 842 924 ipsum.

63 959 114 1000 305
135 959 262 1001 consonat
274 966 351 998 omne
357 965 449 997 nemus
461 949 568 1011 strepitu
582 949 716 1011 collesque
730 952 840 999 resultari

169 1041 246 1088 Exim
259 1054 287 1087 se
300 1039 385 1087 cuncti
399 1038 493 1085 (livinis
506 1037 583 1084 rebus
596 1037 628 1084 ad
642 1037 735 1086 urbem

134 1128 253 1192 perfectis
266 1127 386 1175 referunt.
414 1126 469 1173 ibat
481 1141 527 1173 rex
540 1126 638 1172 obsitus
651 1140 717 1173 aevo

136 1226 160 1265 et
173 1216 292 1265 comitem
306 1216 413 1262 Aenean
426 1215 499 1260 iuxta
511 1222 653 1275 natumque
666 1215 775 1263 tenebat

136 1304 283 1366 ingrediens
296 1304 418 1365 varioque
432 1303 499 1350 viam
512 1317 630 1350 sermone
644 1303 757 1350 levabat.

65 1400 117 1442 310
136 1393 244 1442 miratur
256 1392 392 1453 facilisque
406 1392 496 1440 oculos
510 1392 558 1439 sert
571 1391 659 1438 omnia
672 1392 774 1440 circum

136 1484 238 1531 Aeneas
252 1481 403 1543 capiturque
416 1481 480 1527 locis
494 1488 519 1528 ct
531 1480 635 1540 singula
649 1480 732 1527 laetus

137 1571 299 1634 exquiritque
312 1570 435 1631 auditque
455 1569 536 1615 virum
553 1577 723 1616 monumenta
740 1571 841 1632 priorui

136 1668 191 1708 tum
204 1675 250 1708 rex
262 1659 407 1715 Euandrus,
422 1657 555 1705 Romanae
569 1657 688 1705 conditor
701 1659 780 1715 arcis,

133 1739 209 1797 ‘haec
228 1764 335 1797 nemora
354 1746 491 1807 indigenae
509 1745 579 1793 sauni
600 1745 783 1808 nymphaeque
802 1756 841 1796 ten

438 1835 501 1883 bant

68 1931 118 1974 315
138 1941 253 1988 gensque
266 1926 348 1972 virum
361 1924 457 1972 truncis
471 1933 496 1970 et
509 1924 573 1970 duro
586 1922 679 1969 robore
692 1931 764 1981 nata,

139 2015 196 2077 quis
220 2029 304 2077 neque
327 2028 383 2060 mos
406 2027 490 2074 neque
514 2012 597 2059 cultus
617 2018 671 2058 erat
694 2025 743 2059 nec
762 2012 840 2074 iunge

440 2109 527 2149 tauros

139 2199 185 2241 aut
197 2205 341 2254 conponere
355 2205 416 2252 opes
430 2197 524 2236 norant
536 2196 581 2235 ant
593 2202 698 2250 parcere
711 2197 798 2249 parto,

139 2282 183 2330 scd
198 2281 261 2330 rami
276 2288 352 2342 atque
366 2293 440 2341 asper
453 2279 519 2325 victu
533 2285 638 2325 venatus
652 2276 747 2324 alebat.

140 2371 237 2433 primus
250 2370 282 2417 ab
296 2368 409 2417 aetherio
424 2367 493 2414 venit
505 2365 631 2412 Saturnus
645 2363 769 2427 Olympo,

69 2465 121 2508 320
141 2474 213 2508 arma
226 2458 292 2506 lovis
306 2458 407 2519 fugiens
421 2464 446 2504 et
458 2455 544 2516 regnis
558 2455 616 2502 exul
631 2455 769 2516 ademptis.

140 2548 161 2596 is
173 2562 255 2610 genus
268 2547 381 2594 indocile
394 2561 424 2593 ac
438 2545 581 2606 dispersum
594 2542 725 2590 montibus
739 2545 801 2592 altis

128 2639 274 2704 conposuit
286 2638 416 2704 legesque
429 2634 504 2684 dedit
512 2631 675 2688 Lunamque
683 2631 777 2672 iocari
