<?xml version="1.0" encoding="UTF-8"?>
<!DOCTYPE html PUBLIC "-//W3C//DTD XHTML 1.0 Transitional//EN"
    "http://www.w3.org/TR/xhtml1/DTD/xhtml1-transitional.dtd">
<html xmlns="http://www.w3.org/1999/xhtml" xml:lang="en" lang="en">
 <head>
  <title>
</title>
<meta http-equiv="Content-Type" content="text/html;charset=utf-8" />
  <meta name='ocr-system' content='tesseract 3.04.00' />
  <meta name='ocr-capabilities' content='ocr_page ocr_carea ocr_par ocr_line ocrx_word'/>
</head>
<body>
  <div class='ocr_page' id='page_1' title='image "./pvergiliusmaro00virggoog/pvergiliusmaro00virggoog_0088.png"; bbox 0 0 1808 2956; ppageno 0'>
   <div class='ocr_carea' id='block_1_1' title="bbox 228 139 782 188">
    <p class='ocr_par' dir='ltr' id='par_1_1' title="bbox 228 139 782 188">
     <span class='ocr_line' id='line_1_1' title="bbox 228 139 782 188; baseline 0 -4"><span class='ocrx_word' id='word_1_1' title='bbox 228 143 397 186; x_wconf 80' lang='lat' dir='ltr'>saoaorcou</span> <span class='ocrx_word' id='word_1_2' title='bbox 414 146 500 185; x_wconf 75' lang='lat' dir='ltr'>amna</span> <span class='ocrx_word' id='word_1_3' title='bbox 519 147 548 186; x_wconf 88' lang='lat' dir='ltr'>u.</span> <span class='ocrx_word' id='word_1_4' title='bbox 747 139 782 188; x_wconf 88' lang='lat'>81</span> 
     </span>
    </p>
   </div>
   <div class='ocr_carea' id='block_1_2' title="bbox 10 301 786 2309">
    <p class='ocr_par' dir='ltr' id='par_1_2' title="bbox 10 301 786 2309">
     <span class='ocr_line' id='line_1_2' title="bbox 57 301 632 363; baseline 0 -13"><span class='ocrx_word' id='word_1_5' title='bbox 57 301 176 363; x_wconf 81' lang='lat' dir='ltr'>agricola</span> <span class='ocrx_word' id='word_1_6' title='bbox 186 301 295 349; x_wconf 84' lang='lat' dir='ltr'>incurro</span> <span class='ocrx_word' id='word_1_7' title='bbox 307 307 402 350; x_wconf 73' lang='lat' dir='ltr'>terrm</span> <span class='ocrx_word' id='word_1_8' title='bbox 414 303 522 351; x_wconf 87' lang='lat' dir='ltr'>dimovit</span> <span class='ocrx_word' id='word_1_9' title='bbox 534 310 632 350; x_wconf 84' lang='lat' dir='ltr'>aratro:</span> 
     </span>
     <span class='ocr_line' id='line_1_3' title="bbox 58 389 769 455; baseline 0.004 -18"><span class='ocrx_word' id='word_1_10' title='bbox 58 390 118 438; x_wconf 89' lang='lat' dir='ltr'>hinc</span> <span class='ocrx_word' id='word_1_11' title='bbox 131 390 195 438; x_wconf 86' lang='lat' dir='ltr'>anni</span> <span class='ocrx_word' id='word_1_12' title='bbox 208 389 291 449; x_wconf 87' lang='lat' dir='ltr'>labor,</span> <span class='ocrx_word' id='word_1_13' title='bbox 307 389 367 438; x_wconf 92' lang='lat' dir='ltr'>hinc</span> <span class='ocrx_word' id='word_1_14' title='bbox 379 391 489 453; x_wconf 83' lang='lat' dir='ltr'>patriam</span> <span class='ocrx_word' id='word_1_15' title='bbox 502 405 646 454; x_wconf 85' lang='lat' dir='ltr'>parvosque</span> <span class='ocrx_word' id='word_1_16' title='bbox 663 399 769 455; x_wconf 84' lang='lat' dir='ltr'>penates</span> 
     </span>
     <span class='ocr_line' id='line_1_4' title="bbox 15 478 786 543; baseline 0.004 -18"><span class='ocrx_word' id='word_1_17' title='bbox 15 481 40 524; x_wconf 84' lang='lat'>15</span> <span class='ocrx_word' id='word_1_18' title='bbox 57 479 180 537; x_wconf 84' lang='lat' dir='ltr'>sustinet,</span> <span class='ocrx_word' id='word_1_19' title='bbox 207 478 267 527; x_wconf 88' lang='lat' dir='ltr'>hino</span> <span class='ocrx_word' id='word_1_20' title='bbox 290 487 407 527; x_wconf 83' lang='lat' dir='ltr'>armenta</span> <span class='ocrx_word' id='word_1_21' title='bbox 429 479 507 527; x_wconf 89' lang='lat' dir='ltr'>boum</span> <span class='ocrx_word' id='word_1_22' title='bbox 526 481 681 543; x_wconf 87' lang='lat' dir='ltr'>meritosque</span> <span class='ocrx_word' id='word_1_23' title='bbox 700 482 786 530; x_wconf 86' lang='lat' dir='ltr'>iuven·</span> 
     </span>
     <span class='ocr_line' id='line_1_5' title="bbox 360 582 414 616; baseline -0.019 0"><span class='ocrx_word' id='word_1_24' title='bbox 360 582 414 616; x_wconf 89' lang='lat' dir='ltr'>cos.</span> 
     </span>
     <span class='ocr_line' id='line_1_6' title="bbox 57 656 681 720; baseline 0.002 -17"><span class='ocrx_word' id='word_1_25' title='bbox 57 670 104 704; x_wconf 92' lang='lat' dir='ltr'>nec</span> <span class='ocrx_word' id='word_1_26' title='bbox 117 656 221 719; x_wconf 79' lang='lat' dir='ltr'>requies</span> <span class='ocrx_word' id='word_1_27' title='bbox 234 657 297 718; x_wconf 90' lang='lat' dir='ltr'>quin</span> <span class='ocrx_word' id='word_1_28' title='bbox 310 665 356 705; x_wconf 88' lang='lat' dir='ltr'>aut</span> <span class='ocrx_word' id='word_1_29' title='bbox 366 659 450 720; x_wconf 89' lang='lat' dir='ltr'>pomis</span> <span class='ocrx_word' id='word_1_30' title='bbox 464 658 585 706; x_wconf 80' lang='lat' dir='ltr'>exuberet</span> <span class='ocrx_word' id='word_1_31' title='bbox 599 672 681 706; x_wconf 84' lang='lat' dir='ltr'>annus</span> 
     </span>
     <span class='ocr_line' id='line_1_7' title="bbox 57 743 701 807; baseline 0.002 -17"><span class='ocrx_word' id='word_1_32' title='bbox 57 751 102 790; x_wconf 87' lang='lat' dir='ltr'>aut</span> <span class='ocrx_word' id='word_1_33' title='bbox 114 743 168 792; x_wconf 84' lang='lat' dir='ltr'>fetu</span> <span class='ocrx_word' id='word_1_34' title='bbox 181 759 304 806; x_wconf 88' lang='lat' dir='ltr'>pecorum</span> <span class='ocrx_word' id='word_1_35' title='bbox 317 753 361 793; x_wconf 87' lang='lat' dir='ltr'>aut</span> <span class='ocrx_word' id='word_1_36' title='bbox 375 745 489 794; x_wconf 87' lang='lat' dir='ltr'>Cerealis</span> <span class='ocrx_word' id='word_1_37' title='bbox 502 747 610 807; x_wconf 84' lang='lat' dir='ltr'>mergite</span> <span class='ocrx_word' id='word_1_38' title='bbox 624 746 701 794; x_wconf 87' lang='lat' dir='ltr'>culmi</span> 
     </span>
     <span class='ocr_line' id='line_1_8' title="bbox 57 835 737 896; baseline 0.004 -19"><span class='ocrx_word' id='word_1_39' title='bbox 57 838 236 894; x_wconf 86' lang='lat' dir='ltr'>proventuque</span> <span class='ocrx_word' id='word_1_40' title='bbox 249 841 338 882; x_wconf 89' lang='lat' dir='ltr'>oneret</span> <span class='ocrx_word' id='word_1_41' title='bbox 350 835 435 882; x_wconf 87' lang='lat' dir='ltr'>sulcos</span> <span class='ocrx_word' id='word_1_42' title='bbox 450 842 527 896; x_wconf 85' lang='lat' dir='ltr'>atque</span> <span class='ocrx_word' id='word_1_43' title='bbox 540 835 633 882; x_wconf 86' lang='lat' dir='ltr'>horrea</span> <span class='ocrx_word' id='word_1_44' title='bbox 645 836 737 882; x_wconf 84' lang='lat' dir='ltr'>vincat.</span> 
     </span>
     <span class='ocr_line' id='line_1_9' title="bbox 57 919 685 985; baseline 0.008 -20"><span class='ocrx_word' id='word_1_45' title='bbox 57 920 127 966; x_wconf 85' lang='lat' dir='ltr'>venit</span> <span class='ocrx_word' id='word_1_46' title='bbox 140 919 236 968; x_wconf 86' lang='lat' dir='ltr'>hierus:</span> <span class='ocrx_word' id='word_1_47' title='bbox 258 923 347 970; x_wconf 89' lang='lat' dir='ltr'>teritur</span> <span class='ocrx_word' id='word_1_48' title='bbox 360 921 483 984; x_wconf 79' lang='lat' dir='ltr'>Sicyonia</span> <span class='ocrx_word' id='word_1_49' title='bbox 495 923 560 970; x_wconf 88' lang='lat' dir='ltr'>baca</span> <span class='ocrx_word' id='word_1_50' title='bbox 572 924 685 985; x_wconf 78' lang='lat' dir='ltr'>trapetis,</span> 
     </span>
     <span class='ocr_line' id='line_1_10' title="bbox 12 1007 717 1070; baseline 0.01 -18"><span class='ocrx_word' id='word_1_51' title='bbox 12 1008 40 1052; x_wconf 77' lang='lat'>20</span> <span class='ocrx_word' id='word_1_52' title='bbox 58 1007 154 1068; x_wconf 82' lang='lat' dir='ltr'>glande</span> <span class='ocrx_word' id='word_1_53' title='bbox 167 1023 225 1056; x_wconf 89' lang='lat' dir='ltr'>sues</span> <span class='ocrx_word' id='word_1_54' title='bbox 238 1009 298 1057; x_wconf 89' lang='lat' dir='ltr'>laeti</span> <span class='ocrx_word' id='word_1_55' title='bbox 313 1011 428 1070; x_wconf 88' lang='lat' dir='ltr'>redeunt,</span> <span class='ocrx_word' id='word_1_56' title='bbox 444 1012 506 1058; x_wconf 90' lang='lat' dir='ltr'>dant</span> <span class='ocrx_word' id='word_1_57' title='bbox 519 1012 610 1059; x_wconf 86' lang='lat' dir='ltr'>arbuta</span> <span class='ocrx_word' id='word_1_58' title='bbox 623 1012 717 1070; x_wconf 83' lang='lat' dir='ltr'>silvoo3</span> 
     </span>
     <span class='ocr_line' id='line_1_11' title="bbox 58 1097 597 1160; baseline 0.009 -18"><span class='ocrx_word' id='word_1_59' title='bbox 58 1102 83 1143; x_wconf 89' lang='lat' dir='ltr'>et</span> <span class='ocrx_word' id='word_1_60' title='bbox 94 1097 180 1144; x_wconf 85' lang='lat' dir='ltr'>varios</span> <span class='ocrx_word' id='word_1_61' title='bbox 193 1099 267 1160; x_wconf 91' lang='lat' dir='ltr'>ponit</span> <span class='ocrx_word' id='word_1_62' title='bbox 279 1099 344 1147; x_wconf 85' lang='lat' dir='ltr'>setus</span> <span class='ocrx_word' id='word_1_63' title='bbox 358 1107 496 1147; x_wconf 88' lang='lat' dir='ltr'>autumnus</span> <span class='ocrx_word' id='word_1_64' title='bbox 509 1107 534 1148; x_wconf 89' lang='lat' dir='ltr'>et</span> <span class='ocrx_word' id='word_1_65' title='bbox 546 1101 597 1148; x_wconf 89' lang='lat' dir='ltr'>alte</span> 
     </span>
     <span class='ocr_line' id='line_1_12' title="bbox 58 1184 640 1249; baseline 0.007 -19"><span class='ocrx_word' id='word_1_66' title='bbox 58 1184 127 1232; x_wconf 88' lang='lat' dir='ltr'>mitis</span> <span class='ocrx_word' id='word_1_67' title='bbox 140 1184 166 1231; x_wconf 90' lang='lat' dir='ltr'>in</span> <span class='ocrx_word' id='word_1_68' title='bbox 181 1187 275 1248; x_wconf 83' lang='lat' dir='ltr'>apricis</span> <span class='ocrx_word' id='word_1_69' title='bbox 289 1188 408 1249; x_wconf 87' lang='lat' dir='ltr'>coquitur</span> <span class='ocrx_word' id='word_1_70' title='bbox 420 1189 550 1235; x_wconf 88' lang='lat' dir='ltr'>vindemia</span> <span class='ocrx_word' id='word_1_71' title='bbox 563 1189 640 1236; x_wconf 87' lang='lat' dir='ltr'>suxis.</span> 
     </span>
     <span class='ocr_line' id='line_1_13' title="bbox 58 1274 671 1337; baseline 0.003 -16"><span class='ocrx_word' id='word_1_72' title='bbox 58 1274 157 1323; x_wconf 85' lang='lat' dir='ltr'>interca</span> <span class='ocrx_word' id='word_1_73' title='bbox 170 1275 258 1323; x_wconf 83' lang='lat' dir='ltr'>dulces</span> <span class='ocrx_word' id='word_1_74' title='bbox 271 1276 384 1337; x_wconf 85' lang='lat' dir='ltr'>pendent</span> <span class='ocrx_word' id='word_1_75' title='bbox 397 1276 493 1325; x_wconf 85' lang='lat' dir='ltr'>circum</span> <span class='ocrx_word' id='word_1_76' title='bbox 507 1277 596 1323; x_wconf 87' lang='lat' dir='ltr'>oscula</span> <span class='ocrx_word' id='word_1_77' title='bbox 608 1277 671 1334; x_wconf 85' lang='lat' dir='ltr'>nati,</span> 
     </span>
     <span class='ocr_line' id='line_1_14' title="bbox 58 1364 701 1426; baseline 0.003 -16"><span class='ocrx_word' id='word_1_78' title='bbox 58 1371 129 1410; x_wconf 85' lang='lat' dir='ltr'>casta</span> <span class='ocrx_word' id='word_1_79' title='bbox 141 1364 293 1426; x_wconf 84' lang='lat' dir='ltr'>pudicitiam</span> <span class='ocrx_word' id='word_1_80' title='bbox 306 1374 388 1412; x_wconf 90' lang='lat' dir='ltr'>scrvat</span> <span class='ocrx_word' id='word_1_81' title='bbox 402 1365 502 1423; x_wconf 83' lang='lat' dir='ltr'>domus,</span> <span class='ocrx_word' id='word_1_82' title='bbox 518 1364 597 1412; x_wconf 84' lang='lat' dir='ltr'>ubera</span> <span class='ocrx_word' id='word_1_83' title='bbox 610 1379 701 1413; x_wconf 81' lang='lat' dir='ltr'>vaccae</span> 
     </span>
     <span class='ocr_line' id='line_1_15' title="bbox 10 1451 715 1515; baseline 0.004 -19"><span class='ocrx_word' id='word_1_84' title='bbox 10 1454 39 1498; x_wconf 75' lang='lat'>25</span> <span class='ocrx_word' id='word_1_85' title='bbox 58 1451 143 1500; x_wconf 88' lang='lat' dir='ltr'>lactea</span> <span class='ocrx_word' id='word_1_86' title='bbox 156 1451 293 1500; x_wconf 86' lang='lat' dir='ltr'>demittunt</span> <span class='ocrx_word' id='word_1_87' title='bbox 305 1453 465 1515; x_wconf 82' lang='lat' dir='ltr'>pinguesque</span> <span class='ocrx_word' id='word_1_88' title='bbox 479 1454 504 1500; x_wconf 93' lang='lat' dir='ltr'>iu</span> <span class='ocrx_word' id='word_1_89' title='bbox 519 1453 634 1514; x_wconf 84' lang='lat' dir='ltr'>graruine</span> <span class='ocrx_word' id='word_1_90' title='bbox 648 1454 715 1501; x_wconf 88' lang='lat' dir='ltr'>laeto</span> 
     </span>
     <span class='ocr_line' id='line_1_16' title="bbox 58 1541 666 1589; baseline 0.003 -3"><span class='ocrx_word' id='word_1_91' title='bbox 58 1541 125 1589; x_wconf 87' lang='lat' dir='ltr'>iuter</span> <span class='ocrx_word' id='word_1_92' title='bbox 138 1555 165 1589; x_wconf 88' lang='lat' dir='ltr'>se</span> <span class='ocrx_word' id='word_1_93' title='bbox 179 1541 291 1588; x_wconf 84' lang='lat' dir='ltr'>adversis</span> <span class='ocrx_word' id='word_1_94' title='bbox 305 1542 435 1589; x_wconf 87' lang='lat' dir='ltr'>luctantur</span> <span class='ocrx_word' id='word_1_95' title='bbox 448 1542 568 1589; x_wconf 84' lang='lat' dir='ltr'>cornibus</span> <span class='ocrx_word' id='word_1_96' title='bbox 581 1541 666 1588; x_wconf 85' lang='lat' dir='ltr'>haedi.</span> 
     </span>
     <span class='ocr_line' id='line_1_17' title="bbox 57 1628 688 1691; baseline 0 -16"><span class='ocrx_word' id='word_1_97' title='bbox 57 1628 113 1691; x_wconf 85' lang='lat' dir='ltr'>ipse</span> <span class='ocrx_word' id='word_1_98' title='bbox 126 1629 181 1678; x_wconf 82' lang='lat' dir='ltr'>dies</span> <span class='ocrx_word' id='word_1_99' title='bbox 194 1630 275 1691; x_wconf 89' lang='lat' dir='ltr'>agitat</span> <span class='ocrx_word' id='word_1_100' title='bbox 288 1629 365 1678; x_wconf 89' lang='lat' dir='ltr'>scstos</span> <span class='ocrx_word' id='word_1_101' title='bbox 379 1630 501 1691; x_wconf 81' lang='lat' dir='ltr'>fususque</span> <span class='ocrx_word' id='word_1_102' title='bbox 515 1645 560 1691; x_wconf 86' lang='lat' dir='ltr'>per</span> <span class='ocrx_word' id='word_1_103' title='bbox 572 1628 688 1687; x_wconf 82' lang='lat' dir='ltr'>horbam,</span> 
     </span>
     <span class='ocr_line' id='line_1_18' title="bbox 57 1717 696 1778; baseline -0.002 -14"><span class='ocrx_word' id='word_1_104' title='bbox 57 1718 126 1778; x_wconf 87' lang='lat' dir='ltr'>ignis</span> <span class='ocrx_word' id='word_1_105' title='bbox 139 1717 183 1765; x_wconf 92' lang='lat' dir='ltr'>ubi</span> <span class='ocrx_word' id='word_1_106' title='bbox 197 1718 223 1765; x_wconf 93' lang='lat' dir='ltr'>in</span> <span class='ocrx_word' id='word_1_107' title='bbox 237 1719 322 1766; x_wconf 87' lang='lat' dir='ltr'>medio</span> <span class='ocrx_word' id='word_1_108' title='bbox 337 1726 361 1765; x_wconf 89' lang='lat' dir='ltr'>et</span> <span class='ocrx_word' id='word_1_109' title='bbox 373 1718 436 1764; x_wconf 90' lang='lat' dir='ltr'>socii</span> <span class='ocrx_word' id='word_1_110' title='bbox 451 1725 550 1765; x_wconf 82' lang='lat' dir='ltr'>cratera</span> <span class='ocrx_word' id='word_1_111' title='bbox 563 1724 696 1775; x_wconf 83' lang='lat' dir='ltr'>coronant,</span> 
     </span>
     <span class='ocr_line' id='line_1_19' title="bbox 57 1805 732 1867; baseline 0 -15"><span class='ocrx_word' id='word_1_112' title='bbox 57 1813 91 1862; x_wconf 86' lang='lat' dir='ltr'>te,</span> <span class='ocrx_word' id='word_1_113' title='bbox 107 1805 201 1864; x_wconf 87' lang='lat' dir='ltr'>libans,</span> <span class='ocrx_word' id='word_1_114' title='bbox 216 1806 327 1865; x_wconf 83' lang='lat' dir='ltr'>Lenaee,</span> <span class='ocrx_word' id='word_1_115' title='bbox 343 1814 425 1864; x_wconf 86' lang='lat' dir='ltr'>vocat,</span> <span class='ocrx_word' id='word_1_116' title='bbox 441 1806 591 1867; x_wconf 83' lang='lat' dir='ltr'>pecorisque</span> <span class='ocrx_word' id='word_1_117' title='bbox 604 1806 732 1866; x_wconf 83' lang='lat' dir='ltr'>magistris</span> 
     </span>
     <span class='ocr_line' id='line_1_20' title="bbox 11 1894 618 1956; baseline -0.002 -16"><span class='ocrx_word' id='word_1_118' title='bbox 11 1898 37 1940; x_wconf 71' lang='lat'>³0</span> <span class='ocrx_word' id='word_1_119' title='bbox 57 1894 153 1942; x_wconf 82' lang='lat' dir='ltr'>velocis</span> <span class='ocrx_word' id='word_1_120' title='bbox 166 1894 245 1942; x_wconf 89' lang='lat' dir='ltr'>iaculi</span> <span class='ocrx_word' id='word_1_121' title='bbox 259 1895 400 1942; x_wconf 85' lang='lat' dir='ltr'>certamina</span> <span class='ocrx_word' id='word_1_122' title='bbox 413 1895 486 1956; x_wconf 89' lang='lat' dir='ltr'>ponit</span> <span class='ocrx_word' id='word_1_123' title='bbox 499 1894 524 1940; x_wconf 93' lang='lat' dir='ltr'>in</span> <span class='ocrx_word' id='word_1_124' title='bbox 538 1895 618 1951; x_wconf 87' lang='lat' dir='ltr'>ulmo,</span> 
     </span>
     <span class='ocr_line' id='line_1_21' title="bbox 56 1983 742 2044; baseline 0 -13"><span class='ocrx_word' id='word_1_125' title='bbox 56 1996 220 2044; x_wconf 87' lang='lat' dir='ltr'>corporaque</span> <span class='ocrx_word' id='word_1_126' title='bbox 233 1983 325 2044; x_wconf 75' lang='lat' dir='ltr'>agresti</span> <span class='ocrx_word' id='word_1_127' title='bbox 341 1983 439 2029; x_wconf 84' lang='lat' dir='ltr'>nudant</span> <span class='ocrx_word' id='word_1_128' title='bbox 452 1983 579 2044; x_wconf 86' lang='lat' dir='ltr'>praedura</span> <span class='ocrx_word' id='word_1_129' title='bbox 591 1983 742 2044; x_wconf 77' lang='lat' dir='ltr'>palaestrae.</span> 
     </span>
     <span class='ocr_line' id='line_1_22' title="bbox 57 2069 631 2127; baseline -0.003 -9"><span class='ocrx_word' id='word_1_130' title='bbox 57 2071 126 2119; x_wconf 88' lang='lat' dir='ltr'>hanc</span> <span class='ocrx_word' id='word_1_131' title='bbox 139 2070 202 2119; x_wconf 88' lang='lat' dir='ltr'>olim</span> <span class='ocrx_word' id='word_1_132' title='bbox 215 2076 311 2118; x_wconf 84' lang='lat' dir='ltr'>veteres</span> <span class='ocrx_word' id='word_1_133' title='bbox 325 2071 402 2118; x_wconf 81' lang='lat' dir='ltr'>vitam</span> <span class='ocrx_word' id='word_1_134' title='bbox 416 2072 518 2119; x_wconf 83' lang='lat' dir='ltr'>coluere</span> <span class='ocrx_word' id='word_1_135' title='bbox 532 2069 631 2127; x_wconf 83' lang='lat' dir='ltr'>Sabini,</span> 
     </span>
     <span class='ocr_line' id='line_1_23' title="bbox 56 2158 716 2216; baseline -0.003 -9"><span class='ocrx_word' id='word_1_136' title='bbox 56 2160 125 2207; x_wconf 87' lang='lat' dir='ltr'>hauc</span> <span class='ocrx_word' id='word_1_137' title='bbox 138 2159 233 2206; x_wconf 78' lang='lat' dir='ltr'>[temus</span> <span class='ocrx_word' id='word_1_138' title='bbox 247 2165 272 2205; x_wconf 90' lang='lat' dir='ltr'>et</span> <span class='ocrx_word' id='word_1_139' title='bbox 284 2158 370 2216; x_wconf 83' lang='lat' dir='ltr'>frater,</span> <span class='ocrx_word' id='word_1_140' title='bbox 385 2159 422 2206; x_wconf 86' lang='lat' dir='ltr'>sic</span> <span class='ocrx_word' id='word_1_141' title='bbox 436 2159 508 2206; x_wconf 82' lang='lat' dir='ltr'>fortis</span> <span class='ocrx_word' id='word_1_142' title='bbox 521 2159 624 2205; x_wconf 80' lang='lat' dir='ltr'>Etruria</span> <span class='ocrx_word' id='word_1_143' title='bbox 638 2159 716 2206; x_wconf 85' lang='lat' dir='ltr'>crevit</span> 
     </span>
     <span class='ocr_line' id='line_1_24' title="bbox 55 2246 714 2309; baseline -0.002 -13"><span class='ocrx_word' id='word_1_144' title='bbox 55 2247 156 2296; x_wconf 84' lang='lat' dir='ltr'>scilicet</span> <span class='ocrx_word' id='word_1_145' title='bbox 169 2253 194 2295; x_wconf 88' lang='lat' dir='ltr'>et</span> <span class='ocrx_word' id='word_1_146' title='bbox 206 2261 290 2294; x_wconf 87' lang='lat' dir='ltr'>rerum</span> <span class='ocrx_word' id='word_1_147' title='bbox 303 2246 372 2294; x_wconf 83' lang='lat' dir='ltr'>facta</span> <span class='ocrx_word' id='word_1_148' title='bbox 385 2255 422 2294; x_wconf 88' lang='lat' dir='ltr'>ost</span> <span class='ocrx_word' id='word_1_149' title='bbox 435 2246 609 2309; x_wconf 83' lang='lat' dir='ltr'>pulcherrima</span> <span class='ocrx_word' id='word_1_150' title='bbox 622 2246 714 2295; x_wconf 77' lang='lat' dir='ltr'>Roma.</span> 
     </span>
    </p>
   </div>
   <div class='ocr_carea' id='block_1_3' title="bbox 11 2334 698 2484">
    <p class='ocr_par' dir='ltr' id='par_1_3' title="bbox 11 2334 698 2484">
     <span class='ocr_line' id='line_1_25' title="bbox 11 2334 698 2400; baseline -0.006 -15"><span class='ocrx_word' id='word_1_151' title='bbox 11 2342 36 2385; x_wconf 73' lang='lat'>¹5</span> <span class='ocrx_word' id='word_1_152' title='bbox 55 2344 209 2400; x_wconf 88' lang='lat' dir='ltr'>septemque</span> <span class='ocrx_word' id='word_1_153' title='bbox 222 2349 275 2381; x_wconf 90' lang='lat' dir='ltr'>una</span> <span class='ocrx_word' id='word_1_154' title='bbox 286 2334 334 2381; x_wconf 86' lang='lat' dir='ltr'>sibi</span> <span class='ocrx_word' id='word_1_155' title='bbox 348 2349 421 2382; x_wconf 92' lang='lat' dir='ltr'>muro</span> <span class='ocrx_word' id='word_1_156' title='bbox 436 2335 605 2382; x_wconf 87' lang='lat' dir='ltr'>circumdedit</span> <span class='ocrx_word' id='word_1_157' title='bbox 619 2350 698 2382; x_wconf 88' lang='lat' dir='ltr'>arces.</span> 
     </span>
     <span class='ocr_line' id='line_1_26' title="bbox 56 2422 654 2484; baseline -0.007 -10"><span class='ocrx_word' id='word_1_158' title='bbox 56 2433 117 2474; x_wconf 83' lang='lat' dir='ltr'>onte</span> <span class='ocrx_word' id='word_1_159' title='bbox 130 2425 209 2473; x_wconf 88' lang='lat' dir='ltr'>etiarn</span> <span class='ocrx_word' id='word_1_160' title='bbox 222 2430 349 2484; x_wconf 89' lang='lat' dir='ltr'>sceptrum</span> <span class='ocrx_word' id='word_1_161' title='bbox 362 2422 463 2470; x_wconf 90' lang='lat' dir='ltr'>Dictaei</span> <span class='ocrx_word' id='word_1_162' title='bbox 477 2423 544 2483; x_wconf 88' lang='lat' dir='ltr'>regis</span> <span class='ocrx_word' id='word_1_163' title='bbox 558 2430 583 2470; x_wconf 87' lang='lat' dir='ltr'>et</span> <span class='ocrx_word' id='word_1_164' title='bbox 596 2430 654 2470; x_wconf 85' lang='lat' dir='ltr'>autc</span> 
     </span>
    </p>
   </div>
   <div class='ocr_carea' id='block_1_4' title="bbox 55 2511 702 2577">
    <p class='ocr_par' dir='ltr' id='par_1_4' title="bbox 55 2511 702 2577">
     <span class='ocr_line' id='line_1_27' title="bbox 55 2511 702 2577; baseline -0.006 -15"><span class='ocrx_word' id='word_1_165' title='bbox 55 2514 138 2577; x_wconf 90' lang='lat' dir='ltr'>impia</span> <span class='ocrx_word' id='word_1_166' title='bbox 151 2526 230 2575; x_wconf 88' lang='lat' dir='ltr'>quam</span> <span class='ocrx_word' id='word_1_167' title='bbox 243 2511 323 2559; x_wconf 88' lang='lat' dir='ltr'>caesis</span> <span class='ocrx_word' id='word_1_168' title='bbox 336 2525 399 2572; x_wconf 86' lang='lat' dir='ltr'>gens</span> <span class='ocrx_word' id='word_1_169' title='bbox 412 2518 451 2558; x_wconf 89' lang='lat' dir='ltr'>est</span> <span class='ocrx_word' id='word_1_170' title='bbox 463 2512 567 2573; x_wconf 83' lang='lat' dir='ltr'>epulata</span> <span class='ocrx_word' id='word_1_171' title='bbox 580 2511 702 2568; x_wconf 79' lang='lat' dir='ltr'>iuvencis,</span> 
     </span>
    </p>
   </div>
   <div class='ocr_carea' id='block_1_5' title="bbox 37 2597 702 2741">
    <p class='ocr_par' dir='ltr' id='par_1_5' title="bbox 37 2597 702 2741">
     <span class='ocr_line' id='line_1_28' title="bbox 56 2597 702 2660; baseline -0.008 -9"><span class='ocrx_word' id='word_1_172' title='bbox 56 2615 151 2651; x_wconf 83' lang='lat' dir='ltr'>aureus</span> <span class='ocrx_word' id='word_1_173' title='bbox 164 2599 232 2647; x_wconf 88' lang='lat' dir='ltr'>hauc</span> <span class='ocrx_word' id='word_1_174' title='bbox 245 2600 323 2646; x_wconf 86' lang='lat' dir='ltr'>vitam</span> <span class='ocrx_word' id='word_1_175' title='bbox 335 2599 361 2646; x_wconf 91' lang='lat' dir='ltr'>in</span> <span class='ocrx_word' id='word_1_176' title='bbox 376 2599 448 2647; x_wconf 87' lang='lat' dir='ltr'>terris</span> <span class='ocrx_word' id='word_1_177' title='bbox 462 2597 588 2646; x_wconf 88' lang='lat' dir='ltr'>Saturnus</span> <span class='ocrx_word' id='word_1_178' title='bbox 601 2599 702 2660; x_wconf 86' lang='lat' dir='ltr'>agebat,</span> 
     </span>
     <span class='ocr_line' id='line_1_29' title="bbox 37 2682 632 2741; baseline -0.008 -13"><span class='ocrx_word' id='word_1_179' title='bbox 37 2683 164 2741; x_wconf 80' lang='lat' dir='ltr'>Vergilias.</span> <span class='ocrx_word' id='word_1_180' title='bbox 615 2682 632 2730; x_wconf 58' lang='lat' dir='ltr'>Q</span> 
     </span>
    </p>
   </div>
   <div class='ocr_carea' id='block_1_6' title="bbox 0 0 908 2956">
    <p class='ocr_par' dir='ltr' id='par_1_6' title="bbox 0 0 908 2956">
     <span class='ocr_line' id='line_1_30' title="bbox 0 0 908 2956; baseline 0 0"><span class='ocrx_word' id='word_1_181' title='bbox 0 0 908 2956; x_wconf 95' lang='lat' dir='ltr'> </span> 
     </span>
    </p>
   </div>
  </div>
 </body>
</html>
