1808 2956
422 191 448 227 Ρ.
466 189 587 227 VERGILI
608 189 737 228 Mnuouls

253 360 309 392 cum
322 346 428 407 gemitu,
444 346 552 394 reboant
563 347 692 408 silvaeque
704 353 728 394 et
740 347 834 408 longus
844 347 894 409 Oly

253 449 299 481 nec
312 449 368 481 mos
382 434 501 482 bellantis
515 450 567 482 une
580 434 718 492 stabulare,
734 436 778 483 sed
793 437 858 483 alter

181 528 230 570 225
251 523 331 571 vietus
345 523 399 570 ubit
411 525 540 585 longeque
553 523 649 584 ignotis
664 525 752 572 exulat
768 524 829 583 oris,

251 613 333 660 multe
346 627 450 673 gemens
465 612 635 673 ignominiam
648 612 792 674 plagasque
805 614 899 675 superb

251 701 363 760 victoris,
379 709 432 748 tum
446 716 511 762 quos
526 700 611 748 amisit
623 700 720 747 inultus
734 716 844 760 amores,

251 796 276 837 et
288 790 390 837 stabula
404 791 557 851 adspectans
570 788 656 848 regnis
670 789 780 836 excessit
793 790 877 837 avitis.

252 892 313 938 ergo
327 879 397 925 omni
412 893 474 926 cura
486 877 551 924 rires
565 884 667 925 exercet
680 884 704 924 et
717 877 784 924 inter

180 971 231 1013 230
251 967 315 1013 dura
327 966 395 1014 iacet
408 981 506 1029 pernox
520 966 628 1013 instrato
642 981 705 1013 saxa
718 965 807 1023 cubili,

251 1055 384 1101 frondibus
398 1055 501 1102 hirsutis
515 1061 539 1102 et
552 1055 636 1103 carice
648 1061 736 1116 pastus
751 1061 835 1112 acuta,

251 1150 275 1191 et
289 1151 396 1206 temptat
408 1158 464 1190 sese
478 1150 555 1205 atque
568 1142 643 1191 irasci
657 1143 684 1190 in
698 1158 796 1191 cornua
809 1143 885 1191 discit

251 1231 349 1279 arboris
363 1231 473 1279 oanxus
487 1239 577 1279 trunco
591 1237 731 1293 ventosque
745 1231 849 1279 lacessit

250 1320 342 1368 ictibus
356 1327 380 1367 et
393 1335 483 1382 sparsa
496 1321 528 1367 ad
542 1335 656 1383 pugnem
669 1320 784 1382 proludit
797 1319 896 1367 harena

180 1413 229 1456 235
250 1416 308 1471 post
320 1409 364 1456 ubi
378 1409 516 1457 collectum
529 1408 607 1456 robur
619 1408 737 1469 viresque
749 1407 869 1466 resectae,

250 1498 324 1558 sigua
336 1505 420 1545 movet
432 1496 721 1559 praecepsqueoblitum
732 1497 811 1544 fertur
822 1497 849 1544 in
862 1497 904 1544 ho

249 1586 340 1633 fluctus
354 1585 390 1632 uti
404 1585 489 1633 medio
503 1586 588 1647 coepit
600 1600 659 1633 cum
672 1584 802 1632 albescere
815 1591 895 1647 ponto

250 1674 353 1735 longius
367 1689 399 1721 ex
412 1673 516 1735 altoque
530 1673 615 1720 sinum
628 1673 715 1731 trahit,
731 1680 810 1734 utque
824 1675 884 1721 volu

250 1764 281 1811 ad
296 1770 375 1810 terras
389 1763 493 1810 inmane
506 1769 582 1809 sonat
594 1776 639 1824 per
652 1776 724 1819 saxa,
741 1776 824 1823 neque
837 1762 894 1824 ipso

178 1858 229 1901 240
249 1860 335 1900 monte
348 1852 434 1899 minor·
446 1850 600 1913 procumbit,
617 1858 643 1897 at
656 1850 708 1897 ima
721 1858 855 1898 exaestuat
869 1866 903 1897 un

248 1940 384 1989 verticibus
398 1941 551 2000 nigramque
565 1939 617 1986 alte
630 1937 756 1987 subiectat
769 1939 903 1987 harenam.

284 2028 368 2078 Omne
387 2029 452 2076 adeo
471 2042 553 2088 genus
571 2027 598 2072 iu
617 2027 690 2074 terris
708 2026 895 2090 hominumque

549 2130 666 2177 rumque,

248 2213 273 2254 et
285 2219 366 2271 genus
380 2220 546 2267 aequoreum,
562 2204 673 2267 pecudes
687 2204 822 2266 pictaeque
835 2205 904 2252 volu

248 2294 275 2341 in
288 2293 367 2342 furias
380 2295 519 2357 ignemque
531 2300 621 2341 ruunt:
643 2307 716 2341 amor
729 2293 848 2339 omnibus
861 2293 887 2340 id

178 2385 228 2430 2⁴5
248 2389 364 2445 tempore
378 2398 430 2430 non
444 2383 496 2430 alio
511 2383 655 2430 catulorum
669 2380 751 2429 oblita
763 2382 856 2429 leaena

248 2472 348 2520 saevior
360 2471 453 2520 errarit
465 2471 562 2533 campis
576 2485 623 2519 nec
636 2469 727 2517 funera
739 2469 817 2530 volgo

249 2567 303 2607 tem
314 2560 397 2607 multa
410 2559 533 2607 informes
547 2559 599 2605 ursi
613 2565 777 2619 stragemque
790 2558 883 2607 dedere

247 2663 293 2710 per
306 2648 400 2707 silvas3
421 2653 477 2694 tum
488 2661 578 2695 saevos
591 2661 661 2711 aper,
677 2653 732 2694 tum
744 2646 856 2712 pessima
869 2648 888 2695 ti
893 2667 904 2705 :⁴
