1808 2956
315 154 435 194 actosa
452 156 492 194 vl.
762 147 799 194 23

76 312 181 374 iamque
193 325 288 358 novom
301 318 383 359 terrae
396 318 515 374 stupeant
528 312 656 360 lucescere
669 313 749 360 solam

76 400 154 448 altius
168 406 245 462 atque
259 400 353 448 cadant
365 399 490 448 submotis
503 400 613 447 nubibus
626 399 729 459 imbres,

75 489 203 550 incipiant
214 489 293 536 silvae
307 487 488 549 cumprimum
502 502 606 549 surgere
620 503 729 550 cumque

28 584 56 625 to
76 592 136 625 rara
148 591 194 639 per
206 577 312 637 ignaros
325 576 545 624 errent'animalia
558 577 660 624 montis.

75 666 137 713 hinc
150 665 248 727 lapides
262 664 375 726 Pyrrhae
388 665 478 722 iactos,
495 663 617 713 Saturnia
630 679 717 725 regna,

77 753 269 815 Caucasiasque
280 753 357 801 refert
367 754 483 802 volucres
491 753 637 814 furtumque
645 753 800 800 Promethei.

75 843 116 890 his
130 842 249 903 adiungit
262 841 346 904 Hylan
359 848 453 890 nautae
467 856 517 903 quo
532 842 603 889 fonte
616 842 738 889 relictum

76 932 240 989 clamassent,
256 937 284 977 ut
296 930 355 977 litus
365 919 451 990 ‘Hyla
468 922 542 992 Hyla’
555 945 631 977 omne
644 938 755 977 sonaret.

28 1025 55 1066 ta
76 1026 101 1066 et
114 1019 280 1076 fortunatam,
296 1018 317 1065 si
331 1033 472 1080 numquam
485 1026 600 1066 armenta
613 1018 728 1075 fuissent,

74 1107 222 1169 Pasiphaen
236 1107 302 1154 nivei
316 1107 414 1153 solatur
427 1121 514 1155 amore
527 1107 635 1154 iuvenci.

75 1211 100 1254 a,
116 1196 188 1256 virgo
202 1195 301 1252 infelix,
318 1209 384 1257 quae
397 1202 421 1242 to
435 1195 564 1242 dementia
578 1195 658 1256 cepit!

74 1284 208 1332 Proetides
222 1284 353 1346 inplerunt
365 1282 436 1330 falsis
449 1283 588 1343 mugitibus
602 1298 693 1344 agros:

75 1381 167 1420 utnon
181 1380 234 1419 tam
247 1372 328 1433 turpis
341 1371 470 1433 pecudum
483 1376 568 1439 tamen
582 1372 636 1419 ulla
648 1377 760 1418 secutast
781 1397 785 1403 ·

28 1466 55 1508 50
75 1461 237 1520 concubitus,
253 1462 369 1523 quamvis
383 1462 450 1509 collo
464 1460 590 1507 timuisset
603 1467 716 1506 anstrum

76 1557 101 1597 et
113 1565 191 1612 saepe
204 1550 230 1596 in
244 1551 293 1598 lcvi
306 1550 449 1612 quaesisset
461 1563 559 1597 cornua
571 1548 664 1595 fronte.

76 1653 100 1697 a,
117 1639 188 1699 virgo
201 1639 300 1695 infelix,
316 1646 343 1686 tu
356 1653 425 1686 nunc
438 1638 464 1684 in
478 1637 608 1688 montibus
621 1651 705 1683 erras:

75 1727 129 1784 ille,
145 1727 213 1774 latus
226 1727 328 1774 niveum
341 1727 413 1774 molli
427 1726 505 1774 fultus
518 1725 667 1787 hyacintho,
711 1790 713 1796 ,

76 1815 135 1863 ilice
148 1815 195 1862 sub
209 1815 284 1876 nigra
296 1816 417 1878 pallentis
430 1814 543 1862 ruminat
556 1813 657 1870 herlms,

28 1908 55 1951 55
76 1911 121 1950 sut
134 1904 248 1964 aliquam
262 1905 288 1951 in
307 1918 402 1965 magno
420 1903 535 1964 sequitur
552 1915 638 1962 grege.
670 1900 800 1957 ‘claudite

377 1991 514 2054 nymphae,

74 2080 200 2128 Dictaeae
213 2080 354 2142 nymphae,
374 2094 508 2128 nemorum
520 2078 573 2125 iarn
586 2057 800 2134 clauditesaltus,

75 2170 152 2231 siqua
164 2169 229 2217 forte
243 2170 326 2216 ferant
339 2169 421 2216 oculis
434 2182 490 2216 sese
503 2166 578 2213 obvia
591 2165 684 2212 nostris

75 2258 222 2306 errabunda
234 2257 305 2304 bovis
318 2256 441 2318 vestigia;
462 2255 569 2303 forsitan
583 2255 656 2301 illurn

76 2353 122 2394 aut
134 2345 214 2393 herba
227 2353 330 2407 captum
343 2345 416 2391 viridi
430 2350 475 2391 aut
488 2350 605 2390 armenta
617 2351 733 2389 secutum

28 2440 56 2482 50
75 2435 219 2498 perducant
232 2434 335 2495 aliquae
348 2432 450 2480 stabula
463 2432 495 2478 ad
509 2429 634 2492 Gortynia
647 2422 759 2477 vaccae'

75 2531 131 2570 tum
145 2522 214 2569 canit
227 2521 398 2582 Hesperidum
410 2521 530 2569 miratam
543 2521 612 2566 mala
624 2519 754 2581 pusllam3

77 2618 133 2662 tum
145 2609 365 2660 Phaethontiadas
378 2623 467 2658 musco
482 2607 627 2658 circumdat
638 2619 749 2654 amarae
