1808 2956
60 180 120 228 284
298 190 323 227 r.
345 189 467 227 unnorm
481 189 616 229 aaronis

128 345 219 394 Delius
232 345 341 406 inspirat
353 353 423 393 rates
436 346 570 409 aperitque
582 345 683 396 lutura.

129 435 181 482 iam
194 434 304 481 subeunt
317 433 419 481 Triuiae
432 435 505 482 lucos
519 443 597 496 atque
610 450 694 484 aurea
706 443 786 485 tecta.

164 523 307 581 Daedalus,
322 530 349 569 ut
362 522 433 570 lania
445 531 491 580 est,
507 522 608 584 fugiens
621 523 727 572 Minoia
740 541 828 586 regna,

80 616 110 658 15
131 611 293 674 praepetibus
308 611 393 673 pinnis
407 626 483 658 ausus
496 626 523 659 se
537 611 641 660 credere
654 614 742 672 caclo,

130 700 259 747 insuetum
273 714 318 762 per
330 701 378 747 iter
390 700 491 760 gelidas
504 700 589 747 enauit
602 700 636 747 ad
650 710 739 749 arctos

131 788 333 849 Chalcidicaque
347 789 408 835 leris
422 789 526 836 taudem
539 803 617 850 super
629 789 732 837 adstitit
746 805 815 840 arce.

131 878 245 926 redditus
259 876 297 923 his
312 877 422 938 primum
436 877 507 924 terris
521 877 577 934 tibi,
593 876 711 937 Phoebe,
727 879 838 927 sacravit

132 966 267 1027 remigium
281 965 381 1013 alanrm
394 966 531 1027 posuitque
544 966 662 1013 inmania
674 969 788 1030 templa.

81 1061 113 1102 20
133 1056 160 1102 in
178 1055 275 1101 loribus
293 1054 373 1101 letum
386 1054 544 1115 Androge03
564 1063 618 1101 tum
636 1056 753 1116 pendere
771 1069 861 1119 poenas

135 1141 294 1204 Cecropidae
307 1143 369 1188 iussi
383 1143 528 1205 (misorum)
542 1150 649 1205 septena
663 1145 819 1204 quotannis

135 1245 244 1292 corpora
257 1240 393 1289 natorum3
413 1239 464 1278 stat
476 1232 559 1278 ductis
573 1231 685 1278 sortibus
698 1240 777 1281 urna.

135 1327 224 1367 contra
238 1321 305 1367 elata
318 1320 383 1366 mari
396 1321 534 1382 respondet
547 1319 646 1367 Gnosia
659 1321 755 1367 tellus:

134 1408 177 1455 hic
190 1408 300 1455 crudelis
315 1423 387 1454 amor
400 1409 465 1455 tauri
480 1417 655 1470 suppostaque
668 1407 738 1456 furto

83 1502 114 1543 25
135 1497 262 1559 Pasiphae
276 1497 436 1559 mixtumque
449 1512 530 1558 genus
543 1497 682 1559 prolesque
695 1496 818 1545 biformis
894 1512 896 1589 q

136 1586 297 1633 Minotaurus
310 1585 384 1643 inest,
400 1585 508 1634 Veneris
521 1592 690 1632 monumenta
703 1585 850 1644 nefandae3

136 1674 179 1722 hic
193 1675 266 1722 labor
278 1675 323 1723 ille
337 1675 427 1721 domus
441 1683 466 1721 et
478 1673 664 1722 inextricabilis
678 1688 768 1734 error3

137 1779 260 1825 maguum
274 1764 378 1825 reginae
391 1764 435 1810 scd
450 1763 518 1809 euim
532 1764 665 1810 miseratus
680 1777 799 1810 amorem

136 1853 269 1903 Daedalus
282 1854 337 1915 ipse
350 1852 424 1898 dolos
438 1851 496 1898 tecti
511 1851 684 1912 ambagesque
698 1852 814 1910 resoluit,

85 1947 118 1990 :30
138 1959 215 1992 caeca
228 1956 319 2003 regens
333 1941 376 1988 iilo
390 1940 505 2001 vestigia.
533 1948 560 1986 tu
574 1953 678 2000 quoque
691 1953 818 2000 magnam

138 2040 237 2095 partem
251 2045 327 2093 opere
340 2030 467 2086 intanto,
488 2028 583 2075 sineret
602 2027 692 2085 dolor,
714 2027 803 2087 lcare,
826 2028 869 2076 ha·

439 2117 520 2165 heres.

139 2211 178 2258 bis
192 2217 300 2258 conatus
313 2217 368 2258 erat
381 2222 454 2255 casus
467 2205 589 2266 effingere
601 2204 628 2250 in
641 2218 715 2262 auro,

140 2301 178 2348 bis
191 2301 290 2364 patriae
303 2298 418 2347 cecidere
431 2309 531 2342 manus.
565 2293 627 2355 quin
646 2293 764 2354 protinas
784 2294 872 2342 omnia

139 2391 300 2453 perlegerent
313 2388 405 2444 oculis,
420 2385 447 2432 ui
460 2384 512 2430 iam
526 2381 680 2444 praemissus
693 2381 809 2431 Achates

87 2485 121 2530 35
142 2480 242 2528 adforet
255 2487 332 2541 atque
345 2491 397 2523 una
410 2472 508 2522 Phoebi
522 2471 676 2532 Triuiaeque
689 2472 822 2530 sacerdos,

139 2569 277 2632 Deiphobe
290 2564 392 2623 Glauci,
408 2563 476 2610 latur
488 2575 555 2623 quae
568 2560 631 2607 talia
643 2559 707 2620 regi.

134 2650 194 2710 ‘nou
207 2660 261 2711 hoc
271 2659 326 2709 ista
338 2656 390 2707 sibi
403 2662 507 2719 tempus
520 2646 675 2714 spectacula
683 2645 787 2705 posca:
