1808 2956
301 184 450 225 AENEIDOS
472 187 560 225 LIBER
576 187 616 226 IV.
795 180 853 228 247

131 339 236 387 abluam
249 345 274 388 et
286 347 414 388 extremus
428 340 508 402 siquis
522 356 598 403 super
611 342 705 391 halitus
720 351 787 392 errat

57 433 109 476 685
131 442 175 495 ore
188 419 292 490 legam.’
316 429 354 477 sic
366 428 419 476 fata
431 428 527 490 gradus
540 435 655 477 evaserat
667 432 733 480 altos

130 517 359 579 semianimemque
372 518 429 565 sinu
448 531 599 579 germanam
618 519 743 587 amplexa⁸
755 519 858 569 fovebat

130 620 189 653 cum
201 606 298 671 gemitu
311 612 389 667 atquc
402 613 470 653 atros
483 605 597 653 siccabat
608 613 678 655 veste
690 622 802 656 cruores.

131 693 178 741 illa
189 693 274 754 gravis
288 693 378 742 oculos
392 700 485 740 conata
498 694 616 742 attollere
630 709 716 743 rursus

131 781 233 840 deficit,
254 781 363 829 infixum
376 781 461 828 stridit
474 782 520 829 sub
534 788 638 844 pectore
650 784 752 831 volnus.

59 874 112 917 690
133 876 170 917 ter
184 884 239 918 sese
252 871 373 918 attollens
387 869 526 932 cubitoque
539 870 636 918 adnixa
648 871 750 931 levavit,

131 964 169 1005 ter
181 958 298 1006 revoluta
310 965 367 1004 toro
381 964 420 1005 est
432 958 565 1020 oculisque
579 959 722 1008 errantibus
736 961 790 1008 alto

131 1046 256 1108 quaesivit
269 1046 341 1094 caelo
355 1046 439 1093 lucem
451 1046 628 1109 ingemuitque
642 1055 751 1112 reperta.

166 1134 234 1182 Tum
252 1133 319 1181 Iuno
339 1134 516 1196 omnipotens,
543 1136 651 1198 longum
669 1136 791 1184 miserata
814 1135 859 1184 do-

364 1246 367 1254 r
433 1223 513 1270 lorem
592 1262 594 1265 .

132 1310 297 1373 difficilisque
310 1310 405 1369 obitus,
420 1310 482 1358 Irim
495 1312 598 1360 demisit
611 1311 732 1375 Olympo,

59 1403 112 1447 695
133 1414 198 1461 quae
218 1399 359 1447 luctantem
379 1399 493 1447 animam
511 1415 644 1463 nexosque
664 1401 802 1449 resolveret
819 1414 860 1447 ar·

433 1495 482 1536 tus.

132 1589 193 1622 nam
206 1575 268 1638 quia
280 1590 328 1623 nec
340 1575 403 1634 foto,
418 1578 508 1624 merita
522 1592 570 1625 nec
582 1584 665 1625 morte
677 1575 786 1639 peribat,

132 1663 176 1710 sed
190 1664 283 1711 misera
297 1671 356 1712 ante
370 1664 437 1711 diem
450 1665 587 1727 subitoque
600 1679 709 1714 accensa
721 1663 816 1721 furore,

132 1752 247 1799 nondum
260 1752 298 1800 illi
312 1752 405 1799 flavom
417 1752 573 1815 Proserpina
585 1753 679 1801 vertice
692 1751 789 1800 crinem

132 1839 273 1888 abstulerat
286 1838 429 1902 Stygioque
443 1848 521 1904 caput
534 1841 701 1888 damnaverat
714 1838 791 1888 Orco.

60 1933 113 1978 700
133 1943 195 1990 ergo
207 1928 256 1976 Iris
270 1929 366 1977 croceis
379 1944 425 1991 per
438 1930 539 1977 caelum
552 1929 655 1976 roscida
667 1927 762 1989 pinnis,

132 2015 204 2063 mille
217 2016 321 2065 trahens
334 2018 418 2065 varios
432 2017 538 2066 adverso
552 2017 607 2065 sole
620 2017 729 2074 colores,

133 2103 236 2152 devolat
248 2111 273 2153 et
285 2120 363 2167 supra
376 2112 455 2168 caput
467 2106 572 2153 adstitit.
597 2095 678 2152 ‘hunc
691 2117 740 2164 ego
752 2102 808 2150 Diti

133 2206 235 2239 sacrum
248 2193 319 2241 iussa
331 2193 385 2242 fero
399 2201 475 2255 teque
489 2194 538 2241 isto
552 2206 660 2255 corpore
674 2183 766 2239 solvo'

132 2280 169 2328 sic
182 2280 219 2328 ait
231 2288 257 2328 et
269 2281 360 2330 dextra
373 2281 470 2330 crinem
483 2288 562 2338 secat,
579 2280 662 2327 omnis
676 2287 701 2328 et
712 2294 766 2327 una

60 2373 112 2420 705
133 2369 247 2431 dilapsus
261 2370 333 2419 calor
346 2375 424 2431 atque
437 2370 464 2417 in
477 2377 566 2418 ventos
580 2368 632 2416 vita
645 2365 758 2416 recessit.

357 2590 572 2602 mm
