1808 2956
63 167 121 214 140
302 177 327 215 r.
345 176 465 215 vesana
486 177 616 216 naaonrs

132 333 268 381 transferet
279 341 305 381 et
316 334 422 394 longam
435 334 516 381 multa
528 334 551 381 vi
565 335 664 382 muniet
675 335 781 383 Albam.

131 422 173 470 hic
186 422 239 469 iam
251 429 289 469 ter
302 428 405 469 centum
418 428 485 470 totos
499 423 648 485 regnabitur
661 438 743 471 annos

131 517 207 572 gente
220 510 266 558 sub
281 509 416 569 Hectorea,
433 511 516 559 donoc
529 512 619 573 regina
632 513 752 559 sacerdos

131 599 213 646 Marte
225 599 309 660 gravis
323 600 451 661 geminam
466 607 540 662 partu
555 601 627 648 dabit
638 601 688 648 Ilia
700 602 809 662 prolem.

62 691 111 735 275
132 687 192 736 inde
205 688 281 749 lupae
294 687 364 735 fulvo
377 688 483 735 nutricis
497 688 609 749 tegmine
622 689 704 736 laetus

130 775 255 823 Romulus
269 776 380 838 excipiet
392 783 494 837 gentem
508 784 533 824 et
544 777 671 824 Mavortia
684 779 778 825 condet

130 865 233 912 moenia
245 863 428 926 Romanosque
440 879 487 912 suo
501 865 532 913 de
545 865 650 913 nomine
664 866 739 913 dicct.

130 953 169 1000 his
183 967 231 1014 ego
245 968 292 1001 nec
304 960 385 1000 metas
398 967 483 1001 rerum
496 968 543 1002 nec
557 961 676 1019 tempora
685 969 773 1016 pono;

131 1041 266 1103 imperium
278 1041 333 1089 sine
347 1041 397 1088 fine
410 1042 477 1089 dedi.
506 1043 568 1104 quin
582 1057 673 1104 aspera
685 1043 761 1101 luno,

61 1135 111 1177 280
131 1144 197 1191 quae
211 1144 280 1177 mare
293 1143 363 1177 nunc
375 1137 506 1192 terrasque
518 1138 587 1178 mctu
596 1132 746 1193 caelumque
754 1131 856 1193 fatigata

131 1217 240 1266 consilia
252 1217 279 1263 in
292 1217 384 1266 meiius
398 1218 489 1267 referet
502 1234 654 1282 mecumque
667 1219 762 1267 fovebit

129 1307 268 1365 Romanos,
285 1320 368 1354 rerum
383 1306 509 1366 dominos,
525 1315 680 1369 gentemque
694 1315 818 1370 togatam.

129 1395 166 1442 sic
179 1394 310 1456 placitum.
338 1395 422 1443 veniet
434 1396 520 1442 lustris
534 1395 679 1443 labentibus
693 1404 763 1444 aetas

130 1498 188 1530 cum
206 1483 297 1530 domus
311 1483 430 1532 Assaraci
444 1484 565 1531 Phthiam
584 1485 718 1547 clarasque
736 1486 858 1548 Mycenas

61 1576 109 1618 285
130 1571 233 1619 servitio
246 1579 344 1633 premet
357 1587 387 1620 ac
399 1572 471 1620 vietis
486 1573 660 1620 dominabitur
673 1574 760 1635 Argis.

131 1668 249 1708 nascetur
262 1661 371 1723 pulchra
383 1661 511 1708 Troianus
525 1662 624 1723 origine
639 1660 743 1720 Cacsar,

129 1749 265 1811 imperium
280 1749 394 1808 Oceano,
410 1750 507 1797 famam
520 1751 564 1812 qui
578 1751 696 1798 terminet
709 1751 792 1808 astris,

128 1837 219 1897 Iulius,
235 1853 251 1885 a
265 1854 360 1900 magno
375 1839 513 1886 demissum
528 1853 622 1886 nomen
636 1838 702 1885 iulo.

131 1926 199 1974 hune
212 1934 239 1973 tu
253 1927 316 1975 olim
329 1929 402 1975 caclo
415 1928 505 1990 spoliis
519 1924 631 1975 Orientis
646 1933 766 1974 onustum

60 2018 111 2062 290
131 2015 241 2077 accipies
254 2031 358 2075 sccura;
373 2016 506 2063 vocabitur
518 2015 560 2062 hic
575 2030 679 2077 quoque
692 2015 765 2062 votis.

130 2118 221 2166 aspera
234 2112 287 2151 tum
300 2104 389 2166 positis
403 2105 537 2153 mitescent
550 2105 653 2151 saecula
666 2104 755 2162 bellis3

130 2207 194 2240 cana
207 2192 281 2240 Fides
295 2199 320 2240 et
332 2192 419 2250 Vesta,
436 2192 517 2240 Remo
531 2208 589 2240 cum
603 2192 679 2240 fratrc
693 2191 827 2251 Quirinus,

130 2281 186 2328 iura
200 2281 314 2340 dabunt3
336 2281 406 2328 dirae
420 2281 486 2329 ferro
500 2288 525 2329 et
539 2281 699 2342 conpagibus
713 2281 774 2328 artis

131 2370 283 2418 claudentur
295 2369 361 2417 Belli
375 2377 480 2432 portac3
499 2369 581 2416 Furor
593 2369 687 2431 impius
701 2370 768 2416 intus

60 2463 110 2506 295
130 2473 206 2508 saeva
218 2459 309 2506 sedens
323 2473 400 2521 super
412 2473 484 2506 arma
496 2464 522 2505 et
534 2465 636 2506 centum
650 2459 748 2506 vinctus
763 2460 834 2507 aenis

112 2555 188 2609 ¹post
200 2556 301 2609 tergum
315 2547 388 2594 nodis
403 2546 493 2595 fremet
505 2546 624 2594 horridus
639 2561 683 2595 ore
697 2540 823 2595 cruento'

146 2633 224 2683 Haec
235 2636 276 2684 ait
288 2644 316 2686 et
325 2637 400 2687 Maia
412 2636 534 2704 genitum
548 2636 663 2686 demittit
674 2635 707 2684 ab
720 2636 787 2694 atto,
