1808 2956
265 165 434 207 onoauroou
451 168 539 207 crena
555 169 598 208 111.
789 163 826 212 99

48 326 79 370 05
99 321 196 370 velocis
210 319 318 384 Spartae
331 324 431 370 catulos
445 338 581 387 acremque
593 325 736 374 Molossum

99 425 178 472 pasca
190 424 247 458 sero
261 411 360 472 pingui.
387 426 530 474 numquam
544 414 690 462 custodibus
704 415 756 462 illis

99 505 255 546 nocturnum
268 498 375 546 stabulis
388 499 471 548 furem
484 501 653 564 incursusque
667 504 787 565 luporum

99 594 145 635 aut
155 587 290 649 inpacatos
304 602 319 634 a
332 594 403 648 tergo
417 587 533 636 horrebis
547 588 664 637 Hiberos.

98 689 178 737 saepe
191 674 269 722 etiam
282 689 357 723 eursu
370 676 475 724 timidos
489 677 598 738 agitabis
612 693 724 741 onagros

48 769 78 811 10
99 770 125 811 et
136 762 244 811 canibus
257 763 380 824 leporem,
397 765 504 812 canibus
517 766 642 814 venabere
656 767 781 825 dammas,

98 865 176 914 saepe
188 850 330 899 volutabris
343 852 432 914 pulsos
445 853 602 901 silvestribus
616 869 692 917 apros

98 939 194 987 latratu
207 939 321 987 turbabis
334 954 414 1001 agens
427 942 574 1004 montisque
587 957 633 1005 per
646 943 712 990 altos

96 1027 229 1089 ingentem
242 1028 355 1077 clamore
368 1043 468 1091 premes
482 1029 514 1078 ad
527 1031 592 1078 retia
605 1045 715 1079 cervom.

132 1116 211 1165 Disce
223 1123 249 1164 et
261 1117 396 1166 odoratam
409 1117 516 1166 stabulis
530 1119 670 1167 accendere
683 1120 797 1178 cedrum,

48 1210 75 1252 15
96 1204 278 1267 galbaneoque
291 1205 390 1266 agitare
402 1207 487 1268 gravis
501 1206 591 1255 nidore
604 1207 749 1269 chelydros.

96 1306 173 1355 saepe
185 1293 232 1340 sub
245 1294 349 1342 inmotis
363 1293 528 1356 praesepibus
542 1301 586 1342 aut
598 1296 669 1343 mala
680 1302 750 1343 tactu

95 1381 184 1444 vipera
196 1381 298 1429 delituit
311 1383 463 1444 caelumque
476 1383 597 1432 exterrita
608 1383 683 1444 fugit,

95 1476 141 1517 aut
153 1476 220 1518 tecto
234 1470 354 1519 adsuetus
368 1472 474 1520 coluber
486 1473 622 1521 succedere
636 1477 661 1519 et
672 1470 777 1518 umbrae

95 1555 186 1620 (pestis
200 1558 292 1606 acerba
305 1558 395 1622 boum)
408 1561 547 1623 pecorique
561 1561 713 1622 adspergere
725 1559 793 1606 virus

48 1651 73 1694 lo
94 1645 279 1694 fovithumum.
303 1662 434 1710 cupesaxa
441 1664 529 1706 manu,
539 1648 712 1710 eaperobora‚
721 1653 817 1709 pastor,

94 1734 280 1797 tollentemque
293 1736 375 1784 minas
389 1744 415 1785 et
427 1737 503 1785 sibila
516 1738 586 1785 eolla
598 1742 738 1783 tumentem

92 1822 175 1871 deice.
201 1823 305 1886 iamque
318 1824 380 1885 luga
393 1825 511 1872 timidum
525 1831 602 1888 caput
615 1823 715 1872 abdidit
726 1822 787 1881 alte,

92 1926 152 1960 cum
165 1912 243 1959 medii
257 1927 336 1960 nexus
350 1920 530 1974 extremaeque
544 1911 650 1974 agmina
662 1910 759 1960 caudae

91 1999 227 2047 solventur
239 2000 377 2063 tardosque
390 2001 469 2048 trahit
480 2001 551 2048 sinus
564 2000 670 2047 ultimus
684 1999 762 2046 orbis.

48 2094 70 2137 lb
90 2094 131 2136 est
144 2088 222 2136 etiam
234 2088 280 2137 ille
293 2090 377 2136 malus
391 2088 509 2136 Calabris
523 2088 670 2136 insultibus
684 2087 785 2149 anguis,

90 2190 216 2238 squamea
229 2177 383 2225 convolvens
396 2177 498 2225 sublato
512 2183 615 2240 pectore
628 2183 700 2237 terga

90 2273 169 2328 atque
182 2266 249 2313 notis
263 2265 369 2326 longam
382 2266 529 2314 maculosus
542 2264 682 2326 grandibus
697 2264 790 2321 alvom,

90 2354 145 2417 qui,
162 2353 222 2401 dum
236 2369 322 2402 amnes
336 2355 384 2402 ulli
397 2361 550 2416 rumpuntur
563 2352 675 2400 lontibus
689 2358 714 2400 et
727 2352 788 2399 dum

88 2456 149 2490 vere
161 2443 267 2490 madent
279 2443 331 2489 udo
345 2449 427 2490 terrae
440 2459 470 2490 ac
483 2441 639 2506 pluvialibus
653 2440 754 2498 austris,

48 2538 68 2579 ιο
88 2537 183 2592 stagna
196 2530 259 2577 colit
270 2531 384 2592 ripisque
397 2531 517 2579 habitans
530 2530 572 2578 hie
585 2530 697 2592 piscibus
712 2537 793 2576 atram

87 2618 213 2681 inprobus
226 2619 366 2680 ingluviem
378 2620 499 2682 ranisque
511 2619 664 2682 loquacibus
678 2617 780 2680 explet,

624 2697 663 2752 l*
742 2703 753 2743 ἲ
