1808 2956
63 169 119 217 156
297 178 323 216 Ρ.
340 177 461 216 VEllGlLl
482 176 613 217 MARONlS

128 333 228 381 Idaliae
241 334 321 392 lucos,
337 333 380 381 ubi
394 334 479 381 mollis
494 349 626 382 amaracus
640 333 715 380 illum

128 422 234 470 floribus
247 430 273 471 et
285 424 353 470 dulci
368 423 502 485 adspirans
517 422 688 484 conplectitur
701 421 800 468 umbra.

59 517 108 560 695
130 513 232 574 iamque
244 512 299 560 ibat
312 512 380 559 dicto
394 526 486 574 pareus
500 519 525 559 et
538 513 607 558 dona
621 509 723 573 Cupido

129 601 200 662 regia
213 600 334 662 portabat
346 600 439 662 Tyriis,
456 600 520 648 duce
534 600 616 647 laetus
631 599 739 647 Achate.

130 705 188 738 cum
201 689 278 747 venit,
294 689 391 736 aulaeis
404 689 456 736 ianr
469 704 495 736 se
509 689 598 750 regina
611 688 727 750 superbis

130 794 208 826 aurea
222 778 358 840 conposuit
371 779 471 840 sponda
484 778 647 839 mediamque
660 777 764 835 locavit,

130 869 182 916 iam
195 874 268 930 pater
280 866 383 914 Aeneas
397 874 422 914 et
434 867 487 914 iam
500 867 615 914 Troiana
628 867 745 913 iuventus

60 960 110 1006 700
131 957 287 1004 conveniunt
299 963 432 1017 stratoque
445 971 521 1018 super
535 954 704 1003 discumbitur
717 962 796 1002 ostro.

131 1047 193 1092 dant
204 1043 322 1091 munibus
335 1044 425 1091 famuli
434 1045 551 1106 lymphas
561 1043 732 1105 Cereremque
741 1043 854 1091 canistris

130 1133 270 1196 expediunt
283 1133 415 1194 tonsisque
429 1133 513 1179 serunt
526 1133 738 1180 manteliavillis.

131 1222 320 1284 qninquaginta
333 1221 402 1268 intus
416 1221 528 1269 famulae
542 1221 634 1283 quibus
649 1222 739 1268 ordine
752 1221 854 1282 longam

131 1327 193 1358 cura
205 1325 300 1373 penum
313 1318 410 1358 strucrc
424 1317 448 1357 ct
460 1310 569 1357 flammis
583 1311 687 1358 adolere
701 1317 815 1372 penates,

62 1404 110 1449 705
132 1407 234 1448 centum
248 1399 314 1447 aliae
327 1399 486 1461 totidemque
499 1414 573 1461 pares
586 1407 669 1446 aetate
683 1399 792 1446 ministri

132 1487 176 1550 qui
191 1487 298 1550 dapibus
312 1503 413 1536 mensas
427 1495 534 1536 onerent
547 1496 572 1536 et
585 1489 679 1550 pocula
692 1495 798 1549 ponant.

132 1591 180 1625 nce
193 1590 245 1623 non
259 1585 284 1624 et
297 1577 367 1639 Tyrii
381 1593 427 1640 per
441 1577 530 1624 limina
543 1577 612 1624 laeta
625 1577 771 1638 frequentes

133 1680 283 1724 convenere,
300 1667 361 1713 toris
375 1667 437 1714 iussi
452 1666 611 1713 discumbere
626 1665 709 1728 pictis.

132 1754 258 1802 mirantur
271 1755 340 1802 dona
352 1756 466 1814 Aeneae,
482 1755 608 1802 mirantur
621 1754 707 1801 lulum

64 1848 112 1890 710
132 1844 318 1906 flagrantisque
332 1845 372 1891 dei
386 1845 469 1891 voltus
483 1844 654 1904 simulataque
668 1843 745 1890 rcrba

133 1932 281 1995 pallamque
295 1941 319 1981 et
332 1933 429 1994 pictum
443 1948 534 1981 crocco
548 1933 664 1980 velamen
679 1932 799 1979 acantho.

133 2021 382 2095 praecipueinlelix,
399 2022 463 2084 pesti
478 2022 570 2069 devota
582 2021 692 2079 futurae,

133 2110 230 2172 expleri
243 2119 355 2158 mentem
368 2111 458 2173 nequit
471 2111 631 2172 ardescitque
645 2110 739 2156 tuendo

132 2198 276 2247 Phoenissa
288 2207 314 2246 et
325 2200 421 2261 pariter
434 2213 513 2262 puero
528 2200 653 2261 donisque
667 2207 792 2246 moretur.

64 2291 112 2336 715
134 2287 235 2335 illeubi
249 2288 378 2350 conplexu
391 2289 496 2336 Aeneae
510 2289 631 2351 colloque
645 2288 768 2350 pependit

133 2384 158 2424 01
169 2391 294 2437 magnum
306 2376 364 2422 falsi
378 2377 485 2438 inplevit
497 2377 621 2437 genitoris
635 2391 758 2434 amorem,

132 2466 249 2526 reginam
262 2465 333 2526 petit.
362 2464 426 2512 haec
440 2466 531 2522 oculis,
547 2466 611 2513 haec
625 2473 727 2527 pectore
741 2473 795 2513 toto

126 2554 220 2600 lateret
232 2560 257 2600 et
268 2553 400 2600 interdum
413 2555 512 2615 gremio
527 2555 595 2602 foret
608 2555 690 2602 inscia
702 2554 772 2602 Dido

107 2637 232 2687 insideat
243 2651 362 2703 parantes
377 2645 493 2696 miserae
507 2646 582 2695 deus.
610 2652 639 2694 01
649 2658 749 2692 memor
758 2644 808 2690 ille
