1808 2956
64 177 73 222 1
86 177 121 224 10
297 185 323 223 Ρ.
340 184 461 224 VERGILI
482 183 613 224 MARONIS

130 342 195 388 ulter
208 340 256 387 erit
267 341 377 389 maculis
391 355 454 388 euro
467 340 645 403 squalentibus
659 341 760 389 ardeus.

130 444 189 477 nem
203 429 254 476 duo
268 436 328 476 sunt
339 444 450 490 genere:
472 429 514 478 hic
527 430 632 488 melior,
653 429 762 492 insignis
775 436 800 477 et
811 441 850 475 ore

130 524 155 566 et
166 517 250 564 rutilis
264 517 348 564 clarus
362 518 491 580 squamis3
512 518 556 565 ille
569 517 689 566 horridus
704 519 769 566 ulter

130 605 228 653 desidie
241 606 372 667 lutumque
386 606 489 653 trahens
503 606 628 668 inglorius
643 607 737 654 alvom.
767 613 769 617 '

77 699 109 742 95
130 702 158 741 ut
171 694 246 742 binae
260 709 349 755 regum
363 693 450 752 facies,
466 694 502 741 itu
516 710 626 757 corpore
638 695 730 757 plebis.

129 797 241 844 nemque
255 783 321 830 uliue
335 790 420 845 turpes
433 782 547 843 horrent,
564 798 609 831 ceu
623 784 727 846 pulvere
740 783 772 832 ab
786 784 837 831 ulto

130 886 188 919 cum
200 871 270 919 venit
282 878 307 918 et
319 871 388 919 sicco
402 877 495 919 terram
509 872 577 934 spuit
589 886 634 919 ore
647 871 729 920 vietor

130 960 233 1019 eridus;
252 960 354 1007 elucent
367 960 434 1007 aliae
447 967 472 1008 et
484 960 585 1021 fulgore
599 965 744 1017 coruscent,

130 1048 248 1094 ardentes
262 1062 325 1094 auro
339 1054 364 1095 et
376 1048 481 1111 poribus
494 1049 540 1096 litu
553 1062 662 1110 corpore
674 1048 763 1109 guttis.

62 1141 110 1183 100
129 1135 193 1182 haec
207 1135 292 1197 potior
305 1136 420 1194 suboles,
437 1136 497 1184 hinc
510 1137 575 1184 caeli
588 1143 704 1198 tempore
717 1144 786 1185 certo

130 1224 217 1271 dulcia
230 1224 308 1272 mella
320 1239 434 1286 premes,
455 1239 501 1273 nce
518 1231 618 1272 tautum
631 1225 719 1273 dulcia
732 1231 847 1287 quantun

130 1321 154 1359 et
167 1312 266 1374 liquida
279 1320 304 1360 et
317 1314 409 1360 durum
421 1313 518 1361 Bacchi
532 1314 662 1361 domitura
673 1327 801 1376 saporem.

165 1401 201 1447 At
213 1416 271 1447 cum
284 1401 382 1449 incerta
395 1402 483 1449 volant
495 1402 619 1464 caeloque
632 1401 754 1449 examine
765 1402 844 1449 ludun

130 1496 348 1551 contemnuntque
361 1489 432 1537 favos
446 1496 471 1538 et
483 1489 578 1551 frigida
590 1487 658 1538 tecle
669 1490 807 1549 relincunt,

62 1583 109 1625 105
129 1577 257 1625 instabilis
271 1578 371 1625 animos
384 1579 446 1626 ludo
460 1577 607 1640 prohibebis
619 1578 700 1626 inani.

130 1681 177 1713 nec
190 1680 298 1727 mugnus
312 1666 449 1728 prohibere
462 1666 550 1714 labor:
573 1674 599 1714 tu
613 1667 717 1728 regibus
730 1667 786 1715 ales

129 1755 215 1817 eripe3
235 1769 288 1802 uon
301 1755 354 1802 illis
368 1755 506 1817 quisquam
519 1755 699 1804 cunctantibus
713 1756 794 1804 altum

129 1843 165 1892 ire
179 1844 226 1892 iter
239 1849 283 1890 eut
297 1843 386 1890 castris
400 1843 505 1891 audebit
517 1843 611 1891 vellere
624 1844 707 1906 signe.

130 1933 236 1980 invitent
249 1932 345 1980 croceis
360 1932 477 1979 halantes
490 1931 595 1978 floribus
609 1932 676 1980 horti

61 2025 109 2071 110
129 2029 154 2070 et
167 2027 252 2069 custos
265 2020 350 2067 furum
364 2026 441 2081 atque
455 2019 539 2066 atrium
553 2036 610 2067 cum
624 2020 691 2069 selec
703 2021 806 2084 saligna

128 2109 331 2172 Hellespontiaci
343 2114 425 2156 servet
438 2109 518 2156 tutela
530 2108 626 2171 Priapi.

128 2199 183 2261 ipse
196 2197 311 2260 thymum
324 2197 451 2260 pinosque
463 2196 546 2244 ferens
560 2197 590 2244 de
604 2197 735 2246 montibus
748 2198 806 2246 eltis

129 2294 197 2335 tecta
209 2293 276 2335 seret
290 2286 341 2334 lete
355 2286 451 2334 circum
464 2286 504 2334 cui
518 2286 582 2334 teliu
594 2301 679 2344 cume,

129 2376 184 2438 ipse
197 2374 286 2422 labore
299 2389 404 2422 manum
418 2376 482 2422 duro
496 2381 569 2434 teret,
584 2374 639 2436 ipse
653 2374 744 2424 ferocis

62 2471 109 2514 ll5
129 2465 192 2527 liget
204 2464 283 2512 humo
296 2464 400 2525 plantes
413 2470 438 2512 et
450 2463 547 2511 anticos
559 2463 655 2524 inriget
666 2463 764 2512 imbris.

164 2554 251 2616 Atque
263 2551 392 2614 equidem,
406 2559 520 2600 extremo
532 2552 559 2599 ni
565 2552 617 2598 inm
625 2552 671 2599 sub
680 2551 842 2601 finelsborun

117 2642 173 2691 vele
188 2641 293 2693 nubam
307 2646 335 2695 et
348 2642 424 2694 terris
437 2641 560 2693 festinem
572 2640 706 2689 absentem
714 2654 830 2700 quonum,
