1808 2956
310 206 458 246 nunmuos
478 208 564 248 menn
580 209 609 249 v.
795 203 854 251 277

131 369 187 411 tum
211 377 292 425 genus
317 377 393 411 omne
416 370 488 412 tuom
511 372 537 413 et
559 381 625 428 quae
645 367 737 415 dentur
755 369 858 416 moenie

434 453 525 501 disces.

131 540 237 602 iamque
249 541 319 588 vale:
341 546 443 603 torquet
456 542 553 589 medios
566 541 625 589 Nox
638 543 727 591 umida
740 559 828 592 cursus

132 635 157 675 et
170 643 211 676 me
224 643 312 676 saevos
326 629 398 690 equis
412 628 504 677 Oriens
518 630 621 677 adflavit
634 623 753 679 anhelis.'

53 722 110 768 740
133 717 234 764 dixerat
246 725 271 764 et
284 718 366 767 tenuis
380 717 446 779 fugit
459 734 505 766 ceu
518 718 603 766 fumus
616 719 642 766 in
657 734 741 767 aures.

133 804 236 852 Aeneas
247 795 309 867 ‘quo
324 807 416 854 deinde
429 807 500 854 ruis?
519 822 570 869 quo
584 799 721 869 proripisl’
738 807 830 870 inquit,

128 882 310 954 ‘quemfugisl
324 895 432 957 autquis
444 902 468 943 te
481 896 574 943 nostris
583 895 751 958 conplexibus
764 886 857 943 arcet?³

133 980 197 1028 hoec
210 996 355 1030 memorans
369 984 481 1032 cinerem
494 991 519 1032 et
532 985 628 1046 sopitos
641 984 749 1031 suscitat
760 982 828 1044 ignis

133 1070 354 1132 Pergameumque
367 1071 460 1120 Larem
478 1078 502 1118 et
515 1087 595 1120 canae
608 1071 751 1134 penetralia
763 1071 858 1120 Vestae

57 1164 111 1210 745
133 1158 200 1207 farre
213 1159 256 1220 pio
270 1167 295 1206 et
307 1161 385 1222 plena
398 1161 507 1222 supplex
519 1167 654 1208 veneratur
666 1174 762 1208 acerra.

168 1246 305 1309 Extemplo
319 1249 403 1296 socios
416 1249 579 1310 primumque
592 1249 698 1296 arcessit
709 1248 821 1296 Acesten

133 1341 158 1382 et
170 1335 236 1383 Iovis
250 1336 386 1398 imperinm
399 1343 425 1384 et
437 1337 488 1384 cari
503 1341 640 1398 praecepta
652 1336 765 1398 parentis

134 1424 225 1471 edocet
237 1431 261 1471 ct
274 1439 340 1486 quae
353 1439 422 1470 nunc
435 1425 521 1472 animo
535 1424 661 1472 sententia
674 1429 781 1472 constet.

134 1510 203 1558 haud
217 1526 290 1558 mora
304 1513 427 1571 consiliis,
444 1527 491 1560 nec
503 1513 573 1560 iussa
585 1518 687 1560 recusat
699 1512 814 1560 Acestes.

59 1604 113 1650 750
133 1599 307 1648 transcribunt
320 1601 375 1648 urbi
390 1608 483 1648 matres
496 1601 672 1662 populumque
684 1601 813 1648 volentem

133 1688 274 1749 deponunt,
291 1689 391 1736 animos
405 1690 441 1737 nil
455 1703 566 1750 magnae
580 1688 662 1735 landis
677 1695 789 1748 egentes.

132 1776 181 1837 ipsi
201 1783 312 1824 transtra
325 1785 421 1825 novant
433 1777 594 1839 flammisque
615 1774 719 1822 ambesa
730 1782 860 1838 reponunt

133 1864 228 1913 robora
242 1866 360 1926 navigiis,
377 1873 467 1928 aptant
479 1879 614 1927 remosque
627 1865 808 1926 rudentesqne‚

133 1953 219 2014 exigui
235 1968 355 2012 numero,
372 1955 416 2001 sed
431 1954 499 2001 bello
511 1953 596 1999 vivida
609 1952 697 2000 virtus.

60 2045 111 2091 755
131 2042 229 2089 interea
242 2042 345 2090 Aeneas
358 2042 448 2090 urbem
461 2042 579 2102 designat
591 2048 676 2088 aratro

133 2131 290 2194 sortiturque
302 2132 408 2189 domos;
423 2131 472 2178 hoc
484 2129 561 2177 llium
575 2137 600 2177 et
611 2130 677 2178 haee
689 2130 858 2178 locaTroiam

133 2233 189 2266 esse
202 2219 280 2266 iubet.
307 2220 404 2280 gaudet
415 2233 495 2279 regno
509 2218 637 2266 Troianus
650 2219 755 2266 Acestes

132 2308 275 2369 indicitque
288 2307 373 2354 forum
387 2314 411 2354 et
423 2307 538 2368 patribus
552 2307 597 2353 det
608 2306 665 2353 iura
677 2305 783 2354 vocatis.

134 2402 188 2444 tum
201 2397 286 2443 vicina
300 2396 373 2443 astris
386 2395 498 2457 Erycino
511 2395 538 2442 iu
551 2395 644 2442 vertice
657 2395 729 2442 sedes

63 2490 113 2534 760
133 2484 257 2532 fundatur
269 2485 363 2532 Veneri
376 2484 475 2531 idaliae
488 2484 639 2544 tumuloque
652 2482 772 2530 sacerdos

134 2587 165 2620 se
178 2573 251 2621 lucus
264 2573 316 2623 late
329 2587 402 2622 sacer
417 2572 521 2621 additur
536 2571 685 2621 Anclneeo.
858 2639 865 2649 .

730 2652 779 2698 *m
790 2648 895 2692 emm*

157 2659 268 2722 Iamque
281 2662 338 2712 dies
353 2665 466 2730 epulata
479 2679 587 2714 novem
597 2673 671 2727 geue
682 2669 737 2704 em
