1808 2956
232 111 378 152 Anumoos
394 114 484 152 amna
500 115 555 154 xn.
733 105 791 152 521

13 276 44 318 15
66 274 201 315 vertuntur
213 269 285 316 rarii.
313 270 422 317 Rutulos
437 271 571 332 adspectat
583 279 607 318 et
620 271 708 320 urbem

68 362 256 419 cunctaturque
269 366 338 405 metu
352 360 483 420 telumque
496 360 591 408 instare
605 361 732 408 tremescit

65 460 116 494 nec
130 460 181 505 quo
195 460 223 494 se
236 446 327 508 eripiat
340 461 388 494 nec
401 462 453 509 qua
466 448 489 494 vi
503 449 592 496 tendat
603 449 630 495 in
645 448 743 497 hostem

64 549 116 582 nec
129 549 217 582 currus
231 549 341 596 usquam
355 535 424 582 videt
436 535 604 596 aurigamque
617 551 740 585 sororem.

65 623 198 671 cunctanti
213 623 291 671 telum
304 623 407 671 Aeneas
421 623 499 671 fatale
512 630 638 682 coruscat,

11 720 45 761 20
65 711 171 760 sortitus
185 712 315 759 fortunam
328 711 419 770 oculis,
436 720 461 759 et
474 726 581 774 corpore
595 718 648 760 toto

65 800 167 848 eminus
181 801 320 863 intorquet.
349 801 441 847 murali
456 801 558 848 concita
570 816 712 862 numquam

65 896 193 936 tormento
207 889 245 937 sic
257 871 321 936 saxa
334 889 446 936 fremunt
458 904 507 937 nec
520 889 627 938 fulmine
641 889 705 937 tanti

65 978 204 1026 dissultant
217 978 339 1040 crepitus.
366 978 437 1025 volat
449 978 497 1024 atri
512 977 620 1025 turbinis
634 979 716 1025 instar

35 1129 39 1136 Ι
64 1067 171 1115 exitium
186 1067 269 1114 dirum
285 1066 358 1113 hasta
371 1066 453 1114 serens
467 1081 578 1128 orasque
591 1067 701 1115 recludit

11 1163 43 1205 25
64 1156 162 1204 loricae
180 1163 205 1202 et
218 1155 293 1216 clipei
308 1164 435 1203 extremos
449 1156 622 1217 septemplicis
636 1154 720 1203 orbes.

63 1259 109 1308 per
122 1245 236 1291 medium
249 1243 359 1290 stridens
373 1244 464 1290 transit
477 1243 568 1290 fomur.
595 1243 687 1291 incidit
699 1242 764 1289 ictus

64 1335 155 1394 ingens
170 1333 201 1379 nd
217 1340 310 1378 terram
324 1331 457 1392 duplicato
470 1332 568 1393 poplite
581 1331 692 1379 Turnus.

63 1426 225 1479 consurgunt
237 1419 334 1479 gemitu
348 1419 436 1466 Rutuli
451 1425 570 1481 totusque
583 1420 695 1480 remugit

62 1523 138 1556 mons
153 1507 248 1553 circum
264 1514 288 1552 ct
300 1522 388 1554 vocem
403 1508 454 1554 late
467 1522 574 1554 nemora
587 1507 640 1553 altu
651 1505 792 1553 remittunt.

10 1609 41 1653 30
62 1599 108 1647 ille
129 1592 234 1642 humilis
259 1594 420 1655 supplexque
440 1595 530 1641 oculos
550 1596 719 1655 dextramque
739 1607 794 1654 pre·

368 1688 468 1728 cautem

60 1773 221 1843 protendens
233 1760 362 1831 ‘equidem
377 1769 467 1826 merui,
488 1783 535 1816 nec
549 1761 680 1832 deprecor'
694 1767 792 1830 inquit:

56 1860 142 1917 ‘utere
156 1868 225 1909 sorte
240 1867 291 1906 tua.
320 1857 405 1904 miseri
420 1863 444 1904 te
458 1857 533 1917 siqua
545 1858 658 1918 parentis

61 1968 171 2018 tangere
186 1964 247 1998 cura
260 1953 352 2010 potest,
370 1960 416 1993 oro
430 1944 492 2006 (fuit
504 1951 528 1990 et
541 1945 586 1992 tibi
601 1946 658 1993 tulis

57 2044 190 2098 Anchises
203 2036 326 2100 genitor),
342 2034 430 2083 Dauni
445 2031 565 2080 miserere
578 2041 696 2081 senectae

11 2149 33 2193 ι5
57 2147 148 2191 etms,
166 2144 211 2177 seu
226 2142 317 2190 corpus
332 2124 474 2188 spoliatum
488 2119 584 2168 lumine
597 2122 685 2179 mavis,

54 2226 139 2279 redde
153 2219 228 2268 meio.
255 2216 337 2265 vicisti
353 2221 377 2263 et
390 2213 487 2260 victum
502 2209 605 2257 tendere
618 2210 717 2271 palmas

52 2309 172 2368 Ausonii
187 2308 287 2365 viderc;
309 2313 353 2353 tna
367 2310 406 2352 cst
419 2296 529 2348 Lavinia
543 2299 670 2344 coniunx:

51 2401 168 2457 ulterius
183 2410 215 2444 no
229 2397 304 2445 tonde
318 2384 408 2444 odiis?
434 2385 504 2435 stetit
518 2399 577 2433 acer
589 2387 616 2433 in
629 2386 706 2434 armis

49 2500 172 2548 Aeneas,
189 2486 291 2534 volvens
305 2486 405 2541 oculos,
424 2474 760 2535 dextramqncreqxessw„

11 2601 24 2642 9
46 2596 74 2638 et
86 2585 146 2633 inm
160 2576 269 2641 iamque
282 2577 371 2644 magis
385 2569 570 2627 cunctantem
579 2561 697 2628 nectare
705 2555 802 2595 aarum
