1808 2956
298 186 447 226 Annutnos
467 188 555 226 LIBER
570 189 613 227 111.
792 180 807 226 ‘2
818 181 854 226 13

57 349 109 392 560
130 344 229 406 eripite,
246 359 261 392 o
275 344 347 402 socii,
362 344 509 406 pariterque
522 344 649 406 insurgite
661 336 758 392 remis.'

129 433 198 480 haud
212 433 297 480 minus
311 447 341 480 ac
354 432 418 480 iussi
431 431 544 491 faciunt,
561 433 710 495 primusque
723 433 858 482 rudentem

129 521 255 569 contorsit
268 521 352 568 laevas
367 535 471 583 proram
483 520 622 568 Palinurus
635 521 667 569 ad
681 522 780 581 undas3

129 610 228 658 laevam
242 616 336 658 cuncta
349 609 440 656 cohors
454 609 531 656 remis
544 609 677 671 ventisque
690 610 787 672 petivit.

129 699 245 747 tollimur
258 698 285 745 in
299 698 400 745 eaelum
414 705 518 745 curvato
531 697 633 759 gurgite
646 704 671 745 et
684 697 752 746 idem

58 792 108 836 565
129 788 256 837 subducta
269 787 301 834 ad
314 785 398 834 manis
412 785 478 832 imos
492 786 637 833 desedimus
651 786 729 833 unda.

129 884 167 924 ter
180 876 281 938 scopuli
296 875 436 923 clamorem
448 875 516 922 inter
529 889 591 922 cava
604 889 668 922 saxa
681 875 783 932 dedere,

129 971 167 1011 ter
180 978 300 1026 spumam
313 963 404 1011 elisam
418 970 443 1010 et
454 963 570 1011 rorantia
582 963 691 1011 vidimus
706 970 783 1012 astra.

128 1053 226 1100 interea
239 1052 319 1100 fessos
332 1059 422 1100 ventus
437 1067 495 1099 curn
508 1053 564 1101 sole
575 1052 687 1114 reliquit

129 1141 264 1203 ignarique
277 1141 334 1188 viae
348 1139 492 1203 Cyclopum
505 1141 651 1189 adlabimur
663 1141 723 1188 oris.

57 1235 108 1279 570
163 1230 256 1278 Portus
271 1229 302 1276 ab
317 1244 421 1277 accessu
434 1235 568 1276 ventorum
581 1229 694 1276 inmotus
708 1236 733 1278 et
745 1229 837 1291 ingens

128 1318 192 1380 ipse,
208 1318 253 1366 sed
266 1317 393 1365 horrificis
406 1318 480 1364 iuxta
493 1325 565 1364 tonat
577 1318 663 1366 Aetna
675 1318 765 1376 minis,

127 1406 308 1468 interdumque
322 1412 404 1454 atram
417 1407 560 1469 prorumpit
579 1407 611 1454 ad
626 1407 731 1455 aethera
750 1406 855 1465 nubem,

128 1494 229 1542 turbine
242 1494 385 1542 fumantem
398 1495 471 1556 piceo
485 1502 511 1543 et
523 1496 649 1543 candente
658 1495 760 1554 favilla,

128 1583 275 1644 attollitque
288 1583 380 1643 globos
394 1584 556 1630 flammarum
569 1591 594 1631 et
607 1583 692 1632 sidera
705 1583 795 1631 lambit
806 1599 812 1642 3

58 1673 108 1718 575
127 1669 256 1718 interdum
268 1672 390 1734 scopulos
404 1672 543 1733 avolsaque
555 1672 653 1719 viscera
665 1672 760 1719 montis

130 1758 205 1819 erigit
217 1767 335 1807 eructans
349 1759 541 1822 liquefactaque
554 1775 617 1807 saxa
630 1759 677 1807 sub
692 1775 767 1806 auras

129 1861 187 1894 cum
199 1848 297 1908 gemitu
311 1849 439 1909 glomerat
451 1848 585 1910 fundoque
599 1855 732 1896 exaestuat
744 1848 806 1895 imo.

128 1935 198 1983 fama
211 1943 249 1985 est
260 1936 385 1984 Enceladi
400 1944 541 1984 semustum
555 1936 662 1984 fulmine
676 1951 769 2000 corpus

126 2025 230 2087 urgueri
243 2025 312 2073 mole
324 2025 374 2073 hac
387 2025 570 2088 ingentemque
584 2026 689 2088 insuper
701 2026 814 2075 Aetnam

55 2117 106 2161 580
125 2113 266 2176 inpositam
279 2114 360 2175 ruptis
373 2113 503 2161 flammam
517 2114 634 2176 expirare
648 2115 755 2162 caminis

126 2210 151 2250 et
163 2202 259 2251 fessum
272 2202 390 2264 quotiens
404 2209 485 2250 mutet
498 2202 565 2249 latus
578 2202 715 2251 intremere
728 2218 832 2252 omnem

126 2306 256 2340 murmure
269 2291 432 2338 Trinacriam
446 2298 471 2338 et
484 2292 585 2339 caelum
598 2291 733 2339 subtexere
747 2291 827 2339 furno.

125 2387 228 2428 noctem
240 2379 313 2426 illam
326 2379 386 2427 tecti
399 2379 469 2427 silvis
481 2380 598 2427 inmania
610 2387 725 2427 monstra

126 2466 277 2529 perferimus
291 2482 338 2515 nec
352 2483 418 2530 quae
430 2468 545 2515 sonitum
558 2469 602 2516 det
614 2483 693 2516 causa
705 2469 838 2515 uidemus.

54 2559 104 2602 585
125 2569 186 2602 nam
204 2569 288 2618 neque
301 2564 375 2606 erant
389 2565 523 2607 astrorum
540 2558 621 2621 ignes
638 2570 695 2603 nee
707 2551 827 2601 tacteus
846 2557 893 2584 aa·

429 2649 496 2700 thra
