1808 2956
46 187 107 233 406
284 195 311 232 Ρ.
327 193 449 232 annotet
469 191 603 231 neonis

113 350 181 398 nube
193 351 294 399 sedens,
310 360 387 411 atque
400 349 441 396 hie
453 349 578 397 rictorem
590 349 698 397 adiamr
710 349 810 398 Iulum.

111 429 206 486 ‘macte
219 453 286 485 nora
298 439 400 495 virtute,
415 452 488 500 puer.
515 438 553 485 sie
565 438 619 484 itur
632 438 665 485 ad
680 446 762 495 astra,

116 527 156 574 dis
168 527 255 588 genite
267 535 292 574 et
304 527 423 587 geniture
435 527 507 574 deos.
534 527 592 574 iure
604 527 696 574 omnia
709 527 783 575 bella

46 620 98 663 oto
116 622 194 676 gente
206 614 253 662 sub
266 615 388 662 Assaraci
402 614 456 662 t'ato
468 624 576 662 ventura
588 615 722 674 resident3

117 718 165 752 nee
178 712 202 751 te
214 703 295 751 'huia
308 695 396 764 eapit'
421 703 498 750 simul
511 703 576 750 haee
588 702 682 752 effatus
696 704 731 751 ab
745 705 803 752 aito

118 791 221 839 aethere
233 806 261 838 se
274 790 360 846 mittit,
375 790 498 851 spirantis
510 791 624 839 dimovet
636 806 725 850 auras,

118 879 312 941 Ascaniumque
325 878 397 940 petit.
424 878 535 926 formam
548 886 603 926 tum
615 880 727 928 vertitur
740 884 795 930 oris

119 971 233 1017 anticum
245 969 272 1015 in
284 967 378 1014 Buten.
406 967 449 1015 hie
461 967 596 1015 Dardanio
608 967 746 1018 Anchisae

48 1065 101 1108 645
121 1059 234 1119 armiger
246 1064 306 1104 unte
319 1055 367 1102 fuit
379 1055 497 1118 fidusque
510 1055 543 1103 ad
557 1056 649 1104 limina
661 1066 769 1118 custos3

119 1156 174 1194 tum
193 1146 312 1194 comitem
326 1144 441 1191 Ascanio
460 1152 534 1206 pater
546 1144 656 1192 addidit.
683 1145 742 1194 ibat
754 1151 857 1211 Apollo

120 1234 207 1282 omnia
220 1234 347 1294 longaevo
359 1233 460 1290 similis,
475 1247 616 1294 vocemque
629 1233 804 1298 coloremque

120 1333 145 1372 et
158 1323 235 1371 erinis
249 1321 322 1368 albos
335 1330 361 1368 et
372 1335 449 1368 saera
461 1321 598 1368 sonoribus
611 1336 694 1379 arma,

121 1419 198 1474 atque
212 1411 251 1457 his
265 1409 397 1456 ardentem
410 1409 485 1456 dietis
498 1410 601 1458 adfatur
612 1410 709 1459 Iulum.

50 1505 101 1549 650
119 1500 161 1547 ‘sit
173 1499 244 1556 satis,
260 1498 369 1556 Aenide‚
385 1498 443 1546 telis
456 1499 554 1560 inpune
566 1497 718 1547 Numanum

121 1589 260 1652 oppetiisse
273 1586 338 1634 tuis:
353 1587 463 1648 primum
476 1587 544 1635 hano
557 1586 603 1634 tibi
616 1602 730 1649 magnus
736 1591 841 1652 Apollo

121 1677 240 1727 coneedit
253 1676 357 1724 laudem
370 1683 395 1722 et
407 1675 512 1737 paribus
525 1691 579 1723 non
592 1676 689 1725 invidet
702 1679 801 1726 ermis:

122 1776 207 1815 cetera
219 1780 305 1828 parce,
320 1779 393 1827 puer,
409 1759 498 1812 belio.'
523 1765 560 1812 sie
573 1779 646 1812 orsus
659 1765 761 1827 Apollo

122 1855 239 1903 mortalis
252 1855 339 1902 medio
353 1863 470 1915 aspectus
484 1867 603 1900 sermone
616 1853 723 1915 reliquit

52 1950 102 1993 655
123 1954 148 1993 et
161 1943 251 2006 procul
265 1943 292 1989 in
305 1950 408 1990 tenuem
421 1956 454 1989 ex
467 1942 549 1989 oeulis
563 1941 667 1988 evanuit
680 1956 782 1990 auram.

124 2033 269 2094 adgnovere
283 2031 360 2078 deum
373 2044 492 2092 proceres
506 2030 645 2091 diuinaque
657 2030 711 2077 tela

121 2121 291 2170 Dardanidae
303 2119 503 2182 pharetramque
516 2118 579 2179 fuga
591 2131 694 2165 sensere
706 2129 858 2170 sonantem.

123 2227 185 2273 ergo
200 2210 303 2259 avidum
317 2221 420 2271 pugnae
433 2207 507 2254 dietis
521 2222 551 2254 ee
564 2207 670 2254 nurnine
683 2206 785 2256 Phoebi

123 2300 266 2350 Ascanium
279 2296 431 2362 prohibent3
451 2295 500 2357 ipsi
514 2295 539 2342 in
554 2295 697 2343 certamina
709 2309 800 2343 rursus

52 2399 104 2444 660
123 2390 266 2440 succedunt
278 2387 430 2447 animasque
443 2384 469 2431 in
484 2392 571 2445 apertu
585 2383 702 2445 pericula
714 2383 834 2432 mittunt.

124 2482 144 2530 it
157 2481 256 2530 clamor
268 2477 328 2524 totis
342 2488 387 2537 per
400 2472 597 2536 propugnacula
610 2471 706 2529 mutim

122 2568 262 2621 intendunt
274 2565 339 2614 aeris
354 2578 427 2611 arens
441 2571 622 2622 ammentaque
635 2568 766 2622 torquent.

110 2664 243 2716 sternitur
256 2673 338 2712 omne
352 2656 444 2707 solum
454 2651 527 2708 tetis,
539 2657 599 2696 tum
609 2654 686 2694 eoum
696 2660 829 2703 tamem
