1808 2956
290 143 438 182 Aruernus
459 144 543 182 LIBER
560 146 589 183 11.
781 138 833 183 16]

56 306 90 348 40
147 299 248 347 Primus
267 300 303 347 ibi
323 311 381 347 aute
402 301 499 359 omnis,
527 317 621 362 magua
641 303 781 350 eomitante
799 319 839 350 ea-

413 399 491 446 terra,

113 477 235 525 Laocoon
250 477 341 524 ardeus
355 493 456 524 summa
470 479 580 524 decurrit
594 478 625 524 ab
641 493 698 525 aree

111 574 136 614 et
148 567 239 628 procul
250 556 276 613 ‘0
290 566 385 623 miseri,
402 581 467 627 quae
481 573 552 613 tauta
566 567 674 623 insania,
691 567 774 614 eires?

111 655 214 702 creditis
229 661 329 701 aventes
343 653 423 700 iuratis
438 663 482 701 aut
496 655 550 701 ulla
564 655 658 716 putatis

111 744 180 790 dana
194 758 279 790 emere
294 743 360 789 dola
373 742 512 789 Danaum?
533 743 569 788 sie
584 753 658 789 uetus
672 743 780 790 Ulixes?

56 837 89 880 45
111 838 155 878 aut
168 831 216 879 hoc
230 831 324 878 inclusi
338 831 408 891 liguo
423 833 585 878 oeeuitautur
599 832 689 878 acuit-t

111 920 230 967 aethaeo
245 921 270 966 in
285 926 386 965 nostroe¹
401 919 523 966 taluieata
539 927 575 966 est
589 920 709 966 ruaehiua
723 936 817 968 mures.

112 1008 257 1070 inspectura
271 1009 360 1054 (ionius
375 1015 532 1069 venturaque
547 1009 656 1070 desuper
670 1008 734 1066 urbi,

112 1104 155 1144 aut
168 1097 262 1158 aliquis
276 1096 339 1143 latet
352 1110 436 1142 orror:
458 1111 523 1158 equo
537 1111 569 1143 ne
584 1097 687 1154 credite,
704 1097 805 1144 Teucri.

112 1186 236 1248 quidquid
251 1186 276 1232 id
291 1193 336 1242 est,
353 1185 431 1230 timeo
444 1185 551 1230 Danaos
565 1191 588 1231 et
603 1185 672 1232 doua
685 1177 814 1234 serentes?

58 1280 90 1322 50
111 1275 148 1322 sie
160 1275 227 1322 fatus
241 1273 333 1321 validis
347 1273 478 1333 ingentem
492 1272 586 1318 viribus
601 1272 700 1320 hastam

111 1364 136 1410 in
150 1363 216 1410 latus
230 1363 308 1424 inque
323 1361 368 1407 teri
384 1376 486 1408 ertruarn
501 1361 660 1422 conpagibus
675 1362 760 1409 alronr

111 1451 242 1500 contorsit.
271 1449 340 1495 stetit
352 1450 399 1496 illa
413 1457 522 1497 tremens
537 1458 661 1511 uteroque
675 1465 777 1498 recusso

109 1540 245 1587 insonuere
259 1552 336 1584 etune
349 1538 523 1598 gemitumque
538 1538 630 1585 dedere
644 1554 776 1586 cavernae.

110 1635 134 1675 et
147 1628 168 1674 si
181 1627 234 1673 iiita
248 1627 331 1679 deum,
349 1626 368 1672 si
384 1641 454 1672 meus
469 1642 520 1672 uon
536 1627 607 1672 laeva
622 1627 718 1684 suisset,

57 1719 89 1762 55
110 1715 238 1778 inpulerat
253 1715 318 1761 serre
332 1715 470 1775 Argolicas
485 1715 589 1761 teodure
603 1714 724 1762 latebras.

108 1803 238 1866 Troiaque
251 1818 320 1850 nune
334 1812 412 1850 stares
427 1803 574 1864 Priamique
587 1817 633 1849 arx
645 1803 697 1849 alta
709 1818 834 1850 maneres.

144 1892 218 1950 Eece,
239 1907 329 1938 ruauus
343 1892 460 1938 iuvenem
474 1891 572 1938 interea
585 1898 643 1953 post
656 1898 728 1952 terga
742 1891 837 1938 reriur-

411 1987 465 2026 turn

108 2077 222 2131 pastores
236 2084 331 2130 magno
346 2069 377 2115 ad
392 2082 478 2127 regem
492 2067 604 2114 elamore
618 2067 755 2115 trahebant

107 2157 283 2214 Dardanidae,
300 2157 342 2218 qui
359 2171 385 2203 se
399 2156 515 2215 ignotum
529 2155 688 2203 venientibus
703 2156 779 2213 ultro,

55 2250 88 2295 60
108 2247 158 2313 iioe
171 2247 256 2309 ipsum
271 2253 297 2292 ut
310 2252 418 2292 strueret
430 2244 587 2305 Troiamque
601 2244 832 2306 aperiretAehiriu,

109 2336 245 2398 optulerat,
261 2335 341 2381 tideus
355 2333 434 2380 aniiui
447 2340 524 2395 atque
536 2332 561 2379 iu
574 2342 710 2394 utrumque
719 2334 832 2394 paratus,

108 2439 153 2473 sou
166 2438 266 2472 versare
281 2422 354 2469 dolos
368 2436 412 2469 seu
427 2431 511 2470 certae
525 2420 677 2468 occumbere
691 2421 775 2467 morti.

107 2514 222 2575 undique
236 2511 333 2557 risendi
348 2512 432 2556 studio
447 2509 563 2556 Troiana
574 2508 697 2556 iuuentus

106 2599 256 2647 eireunuuaa
273 2601 324 2649 ruit
338 2609 498 2666 certantque
511 2600 641 2649 iuiudere
655 2604 751 2658 eaque-

80 2677 200 2734 Veffldm.
672 2678 716 2722 XX
