1808 2956
86 185 124 232 46
324 194 350 233 P.
367 194 488 233 VERGILI
508 194 640 233 nlnnoms

154 350 238 414 prima
252 349 329 399 Ceres
342 351 410 400 ferro
423 351 540 399 mortalis
554 359 650 399 vertere
664 359 760 401 terram

155 439 273 498 instituit,
290 454 347 487 cuin
360 440 413 487 iam
425 440 534 501 glandes
548 446 626 502 etque
639 441 731 489 arbuta
742 456 831 490 sacrae

155 528 294 577 delicerent
306 528 386 577 silvae
399 535 424 576 et
435 528 531 576 victum
543 528 657 576 Dodona
670 537 786 591 negaret.

87 623 135 666 150
155 632 217 665 mox
229 624 254 665 et
267 618 401 665 frumentis
415 616 490 664 labor
502 616 613 675 additus,
629 623 658 663 nt
670 618 742 666 mela
754 618 850 667 culmos

155 714 222 755 esset
233 706 325 768 robigo
339 705 476 766 segnisque
489 705 605 752 horreret
616 705 643 751 in
657 707 723 753 arvis

154 797 281 854 earduns3
296 796 425 843 intereunt
437 800 545 854 segetes,
560 793 630 841 subit
642 808 734 856 aspera
746 795 820 853 silva,

154 885 299 947 lappaeque
312 882 460 944 tribulique,
475 881 593 944 interque
606 882 714 930 nitentia
727 884 799 932 culta

154 972 246 1020 infelix
259 972 350 1018 lelium
364 977 389 1018 ot
401 970 500 1018 steriles
514 971 680 1018 dominantur
692 984 799 1023 avenae.

86 1065 133 1108 155
155 1061 224 1123 quod
239 1059 288 1106 nisi
301 1065 327 1106 et
339 1058 454 1106 adsiduis
467 1059 574 1106 herbam
587 1059 747 1107 insectabere
759 1059 845 1108 rastris

154 1156 179 1196 et
191 1148 277 1196 sonitu
290 1147 396 1195 terrebis
410 1161 468 1195 aves
482 1154 508 1195 et
520 1147 586 1194 ruris
600 1147 675 1209 opaci

154 1236 221 1285 falce
234 1250 334 1300 premes
347 1236 466 1283 umbram
479 1235 595 1297 votisque
607 1236 737 1283 vocaveris
751 1236 863 1293 imbrem,

154 1324 205 1372 heu
217 1339 342 1385 magnum
355 1324 460 1372 alterius
474 1324 568 1370 frustra
581 1322 708 1386 spectabis
721 1339 841 1373 acem'om

155 1426 331 1475 concussaque
344 1414 439 1461 famem
451 1412 479 1459 in
491 1412 562 1460 silvis
576 1411 694 1460 solabere
707 1427 814 1475 quercu.

87 1504 134 1547 160
189 1500 335 1549 Dicendum
347 1508 373 1548 et
386 1514 453 1561 quae
465 1500 517 1546 sint
531 1500 601 1547 duris
616 1499 759 1560 agrestibus
774 1516 854 1559 arma,

154 1589 212 1650 quis
225 1589 280 1637 sine
294 1603 341 1636 nec
353 1595 460 1650 potuere
472 1588 521 1635 seri
535 1602 583 1635 nee
595 1602 700 1648 surgere
712 1603 821 1637 messes:

153 1677 235 1724 vomis
249 1684 274 1725 et
287 1676 373 1724 inflexi
386 1676 497 1738 primum
510 1690 587 1737 grave
601 1675 679 1722 robur
692 1675 770 1724 ariani

154 1764 279 1826 tardaque
292 1764 430 1813 Eleusinae
442 1764 531 1812 matris
544 1763 674 1811 volventia
686 1764 804 1826 plaustra

154 1852 301 1914 tribulaque
314 1853 469 1913 traheaeque
483 1859 507 1900 et
520 1851 609 1913 iniquo
623 1851 738 1913 pondere
750 1852 834 1911 rastri,

86 1944 134 1987 165
154 1940 242 2002 virgea
255 1947 387 2003 praeterea
401 1939 473 1988 Celei
485 1940 595 2002 vilisque
608 1939 736 2001 supellex,

154 2029 276 2077 arbuteae
289 2035 371 2076 crates
384 2035 409 2075 et
422 2028 529 2089 mystica
541 2042 640 2076 vannus
653 2026 749 2074 Iacchi.

153 2117 242 2166 omnin
255 2132 321 2180 qnae
333 2117 416 2164 multo
430 2124 489 2165 ante
502 2131 600 2165 memor
613 2115 715 2179 provisa
726 2130 844 2180 repones,

154 2206 175 2254 ni
188 2212 212 2254 te
226 2207 306 2268 digna
317 2213 405 2254 manet
417 2206 496 2254 (livini
509 2205 595 2267 gloria
607 2204 682 2251 ruris.

154 2295 277 2343 continuo
290 2295 317 2343 in
329 2295 400 2343 silvis
413 2310 509 2357 magna
520 2294 544 2341 vi
557 2293 625 2341 flexa
636 2286 759 2341 'dannatur

86 2387 135 2431 110
153 2383 181 2430 111
194 2383 278 2431 burim
291 2390 317 2431 ot
328 2383 398 2431 curvi
411 2383 521 2431 formam
534 2382 629 2443 accipit
640 2382 726 2429 ulmus
738 2382 826 2430 arani.

153 2470 214 2519 huie
227 2471 259 2519 ab
272 2472 351 2534 stirpe
364 2472 441 2534 pedes
454 2478 522 2520 temo
535 2477 667 2534 protentus
680 2470 707 2517 in
720 2476 790 2530 octo,

154 2558 231 2606 binae
243 2573 327 2618 aures,
343 2559 439 2623 duplici
454 2565 574 2622 aptantur
586 2557 702 2606 dentalia
715 2558 801 2608 dorso.

154 2645 270 2697 caeditur
281 2653 308 2694 et
319 2647 376 2695 tilia
388 2654 448 2695 ante
460 2647 522 2708 ingo
535 2646 598 2694 levis
611 2645 716 2708 altaque
729 2646 804 2709 fagus
