1808 2956
166 180 204 226 88
404 189 430 225 P.
448 187 568 226 venetur
589 186 719 225 unitorus

235 359 311 393 aecus
325 350 431 404 uterque
445 343 526 401 labor,
542 357 624 404 ecque
636 343 807 405 iuvenemque
821 345 904 406 magi

235 432 374 494 exquirunt
387 431 551 492 calidumque
564 431 656 478 animis
670 437 695 478 et
708 431 826 479 cursibus
840 448 900 482 acre

167 527 215 568 120
235 520 352 584 quemvis
366 534 442 580 saepe
455 517 517 580 fuge
530 534 615 567 versos
628 519 672 567 ille
685 520 767 580 egerit
779 519 867 568 hostes

235 618 260 657 et
272 608 383 671 petriam
395 607 502 668 Epirum
515 606 608 654 referat
620 607 744 669 fortisque
757 608 882 670 Mycenas

234 697 398 760 Neptunique
411 696 468 757 ipsa
481 695 592 742 deducat
605 695 705 756 origine
717 703 830 756 gentem.

271 785 317 832 His
331 783 514 832 animadversis
528 783 626 830 instant
638 783 684 831 sub
698 791 798 845 tempus
812 792 838 832 et
850 801 904 834 omi

235 874 379 936 inpendunt
392 886 466 919 cures
480 871 559 918 denso
573 871 718 919 distendere
731 872 822 934 pingui

170 967 215 1009 125
236 977 313 1024 quem
326 962 411 1022 legere
424 961 515 1007 ducem
529 965 553 1006 et
565 960 652 1021 pecori
666 960 753 1008 dixere
766 961 898 1020 maritum,

235 1049 400 1110 florentisque
413 1055 502 1095 secant
515 1047 606 1095 herbas
619 1048 761 1110 fluviosque
774 1049 894 1097 ministre

236 1138 363 1198 farraque,
380 1151 412 1184 ne
425 1136 522 1183 blando
536 1143 648 1198 nequeat
660 1151 793 1199 superesse
808 1138 893 1186 labori

235 1226 393 1287 invalidique
406 1232 508 1286 petrum
521 1224 633 1272 referant
645 1225 742 1273 ieiunia
754 1226 818 1277 nati.

235 1315 291 1376 ipsa
304 1322 389 1362 autem
402 1314 484 1362 macie
498 1320 605 1360 tenuant
618 1321 733 1362 armenta
745 1314 870 1374 volentes,

167 1409 216 1451 130
235 1410 312 1464 etque
326 1402 368 1449 ubi
383 1401 534 1450 concubitus
547 1402 644 1464 primos
657 1402 709 1449 iam
722 1410 785 1450 note
796 1405 903 1466 volupte

235 1491 366 1548 sollicitat,
382 1491 536 1552 frondesque
550 1498 646 1551 negant
659 1497 684 1538 et
695 1490 809 1539 sontibus
823 1508 899 1542 arcen

236 1594 312 1642 saepe
325 1579 402 1626 etiam
416 1594 490 1626 cursu
504 1579 624 1640 quatiunt
637 1587 661 1627 et
673 1580 728 1627 sole
742 1580 862 1642 fatigant,

236 1684 294 1716 cum
306 1667 417 1729 gruun'ter
430 1667 510 1714 tunsis
524 1667 604 1728 gemit
617 1682 678 1715 aren
690 1667 806 1730 frugibus
820 1677 845 1718 et
859 1686 890 1720 cu

235 1764 381 1818 surgentem
396 1756 427 1803 nd
441 1755 580 1817 zephyrum
593 1756 683 1816 paleae
696 1757 824 1805 iactentur
840 1759 900 1807 inan

167 1850 215 1893 135
235 1845 286 1893 hoc
298 1845 396 1893 faciunt
408 1843 489 1890 nimio
502 1859 535 1890 ne
548 1844 611 1890 luxu
625 1843 759 1892 obtunsior
772 1861 833 1894 usus

235 1933 268 1980 sit
280 1934 387 1994 genitali
401 1948 462 1979 nrvo
476 1939 501 1979 et
513 1933 598 1979 sulcos
612 1932 719 1981 oblimet
731 1933 829 1994 inertis,

234 2021 279 2070 sed
293 2022 377 2084 rapiat
389 2021 478 2068 sitiens
491 2020 620 2068 Venerem
632 2021 791 2084 interiusque
804 2027 901 2074 recond

269 2109 366 2158 Rursus
378 2124 440 2158 cure
451 2116 552 2171 patrum
565 2109 656 2158 cadere
668 2117 693 2157 et
704 2111 842 2161 succedere
853 2129 904 2162 mo

235 2198 334 2261 incipit.
363 2198 459 2246 exactis
472 2197 594 2258 gravidae
608 2214 666 2246 cum
679 2200 810 2248 mensibus
824 2217 898 2250 erran

167 2292 215 2335 140
235 2302 288 2335 non
299 2288 359 2336 illes
370 2287 490 2349 gravibus
503 2286 640 2348 quisquam
652 2288 713 2348 iuga
725 2288 818 2337 ducere
830 2291 902 2352 plan

235 2389 288 2423 non
301 2377 369 2424 saltu
382 2390 503 2437 superare
517 2375 584 2422 viem
597 2376 630 2423 sit
642 2391 733 2438 passus
747 2385 771 2424 et
785 2379 838 2425 neri

235 2479 340 2526 carpere
352 2470 427 2527 prate
439 2463 501 2525 fuge
513 2464 655 2526 fluviosque
667 2464 758 2514 innare
771 2467 881 2528 rapacis.

234 2552 342 2601 saltibus
355 2553 383 2600 in
395 2553 482 2600 vacuis
495 2560 605 2615 pascunt
618 2560 643 2601 et
654 2554 732 2615 plena
745 2556 889 2604 seeundum

235 2640 349 2701 flumine,
364 2656 467 2690 museus
481 2641 525 2688 ubi
539 2647 564 2689 et
576 2641 730 2691 viridissime
742 2643 860 2706 gramine
873 2658 904 2700 rr]
