<?xml version="1.0" encoding="UTF-8"?>
<!DOCTYPE html PUBLIC "-//W3C//DTD XHTML 1.0 Transitional//EN"
    "http://www.w3.org/TR/xhtml1/DTD/xhtml1-transitional.dtd">
<html xmlns="http://www.w3.org/1999/xhtml" xml:lang="en" lang="en">
 <head>
  <title>
</title>
<meta http-equiv="Content-Type" content="text/html;charset=utf-8" />
  <meta name='ocr-system' content='tesseract 3.04.00' />
  <meta name='ocr-capabilities' content='ocr_page ocr_carea ocr_par ocr_line ocrx_word'/>
</head>
<body>
  <div class='ocr_page' id='page_1' title='image "./pvergiliusmaro00virggoog/pvergiliusmaro00virggoog_0553.png"; bbox 0 0 1808 2956; ppageno 0'>
   <div class='ocr_carea' id='block_1_1' title="bbox 71 169 510 217">
    <p class='ocr_par' dir='ltr' id='par_1_1' title="bbox 71 169 510 217">
     <span class='ocr_line' id='line_1_1' title="bbox 71 169 510 217; baseline -0.007 -1"><span class='ocrx_word' id='word_1_1' title='bbox 71 169 129 217; x_wconf 73' lang='lat'>562</span> <span class='ocrx_word' id='word_1_2' title='bbox 425 174 510 214; x_wconf 81' lang='lat' dir='ltr'>CIBIS.</span> 
     </span>
    </p>
   </div>
   <div class='ocr_carea' id='block_1_2' title="bbox 69 331 864 660">
    <p class='ocr_par' dir='ltr' id='par_1_2' title="bbox 138 331 811 495">
     <span class='ocr_line' id='line_1_2' title="bbox 138 331 811 396; baseline -0.003 -14"><span class='ocrx_word' id='word_1_3' title='bbox 138 335 245 396; x_wconf 86' lang='lat' dir='ltr'>virginis</span> <span class='ocrx_word' id='word_1_4' title='bbox 259 341 285 382; x_wconf 88' lang='lat' dir='ltr'>et</span> <span class='ocrx_word' id='word_1_5' title='bbox 297 333 428 396; x_wconf 80' lang='lat' dir='ltr'><strong>placidam</strong></span> <span class='ocrx_word' id='word_1_6' title='bbox 441 331 552 380; x_wconf 86' lang='lat' dir='ltr'>tenebris</span> <span class='ocrx_word' id='word_1_7' title='bbox 566 337 671 394; x_wconf 85' lang='lat' dir='ltr'>captare</span> <span class='ocrx_word' id='word_1_8' title='bbox 684 332 811 394; x_wconf 85' lang='lat' dir='ltr'>quietem,</span> 
     </span>
     <span class='ocr_line' id='line_1_3' title="bbox 138 420 737 495; baseline -0.005 -24"><span class='ocrx_word' id='word_1_9' title='bbox 138 423 239 495; x_wconf 63' lang='lat' dir='ltr'>inpenso</span> <span class='ocrx_word' id='word_1_10' title='bbox 253 422 369 469; x_wconf 91' lang='lat' dir='ltr'>bibulum</span> <span class='ocrx_word' id='word_1_11' title='bbox 382 420 543 482; x_wconf 74' lang='lat' dir='ltr'>restinguens</span> <span class='ocrx_word' id='word_1_12' title='bbox 556 420 644 467; x_wconf 91' lang='lat' dir='ltr'>lumen</span> <span class='ocrx_word' id='word_1_13' title='bbox 658 420 737 479; x_wconf 83' lang='lat' dir='ltr'>olivo,</span> 
     </span>
    </p>

    <p class='ocr_par' dir='ltr' id='par_1_3' title="bbox 69 507 747 573">
     <span class='ocr_line' id='line_1_4' title="bbox 69 507 747 573; baseline -0.006 -14"><span class='ocrx_word' id='word_1_14' title='bbox 69 516 119 559; x_wconf 82' lang='lat'>³45</span> <span class='ocrx_word' id='word_1_15' title='bbox 139 511 231 573; x_wconf 83' lang='lat' dir='ltr'>incipit</span> <span class='ocrx_word' id='word_1_16' title='bbox 244 511 275 558; x_wconf 85' lang='lat' dir='ltr'>ad</span> <span class='ocrx_word' id='word_1_17' title='bbox 290 509 445 572; x_wconf 88' lang='lat' dir='ltr'>crebrosque</span> <span class='ocrx_word' id='word_1_18' title='bbox 458 509 542 556; x_wconf 85' lang='lat' dir='ltr'>insani</span> <span class='ocrx_word' id='word_1_19' title='bbox 556 508 667 571; x_wconf 83' lang='lat' dir='ltr'>pectoris</span> <span class='ocrx_word' id='word_1_20' title='bbox 680 507 747 563; x_wconf 83' lang='lat' dir='ltr'>ictus</span> 
     </span>
    </p>

    <p class='ocr_par' dir='ltr' id='par_1_4' title="bbox 73 593 864 660">
     <span class='ocr_line' id='line_1_5' title="bbox 73 593 864 660; baseline -0.004 -14"><span class='ocrx_word' id='word_1_21' title='bbox 73 593 75 597; x_wconf 63' lang='grc'>’</span> <span class='ocrx_word' id='word_1_22' title='bbox 139 599 204 649; x_wconf 85' lang='lat' dir='ltr'>serre</span> <span class='ocrx_word' id='word_1_23' title='bbox 217 597 463 658; x_wconf 55' lang='lat' dir='ltr'>manum,‚adsiduis</span> <span class='ocrx_word' id='word_1_24' title='bbox 476 597 591 645; x_wconf 88' lang='lat' dir='ltr'>mulcens</span> <span class='ocrx_word' id='word_1_25' title='bbox 602 597 756 658; x_wconf 85' lang='lat' dir='ltr'>praecordia</span> <span class='ocrx_word' id='word_1_26' title='bbox 766 598 864 660; x_wconf 83' lang='lat' dir='ltr'>palmis.</span> 
     </span>
    </p>
   </div>
   <div class='ocr_carea' id='block_1_3' title="bbox 70 685 868 2738">
    <p class='ocr_par' dir='ltr' id='par_1_5' title="bbox 70 685 857 1371">
     <span class='ocr_line' id='line_1_6' title="bbox 140 685 857 748; baseline -0.006 -12"><span class='ocrx_word' id='word_1_27' title='bbox 140 696 242 737; x_wconf 87' lang='lat' dir='ltr'>noctem</span> <span class='ocrx_word' id='word_1_28' title='bbox 254 689 327 736; x_wconf 83' lang='lat' dir='ltr'>illum</span> <span class='ocrx_word' id='word_1_29' title='bbox 340 687 377 735; x_wconf 87' lang='lat' dir='ltr'>sic</span> <span class='ocrx_word' id='word_1_30' title='bbox 389 693 488 734; x_wconf 85' lang='lat' dir='ltr'>maesta</span> <span class='ocrx_word' id='word_1_31' title='bbox 500 700 577 748; x_wconf 90' lang='lat' dir='ltr'>super</span> <span class='ocrx_word' id='word_1_32' title='bbox 589 685 723 733; x_wconf 87' lang='lat' dir='ltr'>morientis</span> <span class='ocrx_word' id='word_1_33' title='bbox 737 686 857 734; x_wconf 77' lang='lat' dir='ltr'><strong>alumnae</strong></span> 
     </span>
     <span class='ocr_line' id='line_1_7' title="bbox 139 773 757 839; baseline -0.006 -14"><span class='ocrx_word' id='word_1_34' title='bbox 139 777 276 839; x_wconf 87' lang='lat' dir='ltr'>frigidulos</span> <span class='ocrx_word' id='word_1_35' title='bbox 289 775 376 824; x_wconf 92' lang='lat' dir='ltr'>cubito</span> <span class='ocrx_word' id='word_1_36' title='bbox 390 775 501 823; x_wconf 84' lang='lat' dir='ltr'>subnixa</span> <span class='ocrx_word' id='word_1_37' title='bbox 513 773 635 838; x_wconf 83' lang='lat' dir='ltr'>pependit</span> <span class='ocrx_word' id='word_1_38' title='bbox 648 773 757 822; x_wconf 82' lang='lat' dir='ltr'><strong>ocellos.</strong></span> 
     </span>
     <span class='ocr_line' id='line_1_8' title="bbox 139 863 801 928; baseline -0.003 -16"><span class='ocrx_word' id='word_1_39' title='bbox 139 873 243 928; x_wconf 87' lang='lat' dir='ltr'>postera</span> <span class='ocrx_word' id='word_1_40' title='bbox 255 866 300 913; x_wconf 90' lang='lat' dir='ltr'>lux</span> <span class='ocrx_word' id='word_1_41' title='bbox 314 864 356 912; x_wconf 92' lang='lat' dir='ltr'>ubi</span> <span class='ocrx_word' id='word_1_42' title='bbox 371 865 440 914; x_wconf 86' lang='lat' dir='ltr'>laeta</span> <span class='ocrx_word' id='word_1_43' title='bbox 454 864 521 911; x_wconf 89' lang='lat' dir='ltr'>diem</span> <span class='ocrx_word' id='word_1_44' title='bbox 535 863 686 911; x_wconf 83' lang='lat' dir='ltr'>mortalibus</span> <span class='ocrx_word' id='word_1_45' title='bbox 701 864 801 911; x_wconf 86' lang='lat' dir='ltr'>almum</span> 
     </span>
     <span class='ocr_line' id='line_1_9' title="bbox 70 950 806 1015; baseline -0.003 -13"><span class='ocrx_word' id='word_1_46' title='bbox 70 959 121 1002; x_wconf 82' lang='lat'>³50</span> <span class='ocrx_word' id='word_1_47' title='bbox 141 961 166 1001; x_wconf 90' lang='lat' dir='ltr'>et</span> <span class='ocrx_word' id='word_1_48' title='bbox 177 954 266 1015; x_wconf 88' lang='lat' dir='ltr'>gelida</span> <span class='ocrx_word' id='word_1_49' title='bbox 278 954 422 1002; x_wconf 86' lang='lat' dir='ltr'>venientem</span> <span class='ocrx_word' id='word_1_50' title='bbox 435 953 522 1014; x_wconf 83' lang='lat' dir='ltr'>ignem</span> <span class='ocrx_word' id='word_1_51' title='bbox 536 951 670 1014; x_wconf 78' lang='lat' dir='ltr'>quatiebat</span> <span class='ocrx_word' id='word_1_52' title='bbox 682 951 714 999; x_wconf 83' lang='lat' dir='ltr'>ab</span> <span class='ocrx_word' id='word_1_53' title='bbox 729 950 806 1010; x_wconf 78' lang='lat' dir='ltr'>Oete,</span> 
     </span>
     <span class='ocr_line' id='line_1_10' title="bbox 140 1041 851 1105; baseline -0.003 -15"><span class='ocrx_word' id='word_1_54' title='bbox 140 1057 217 1105; x_wconf 90' lang='lat' dir='ltr'>quem</span> <span class='ocrx_word' id='word_1_55' title='bbox 230 1042 338 1105; x_wconf 85' lang='lat' dir='ltr'>pavidae</span> <span class='ocrx_word' id='word_1_56' title='bbox 352 1042 457 1091; x_wconf 85' lang='lat' dir='ltr'>alternis</span> <span class='ocrx_word' id='word_1_57' title='bbox 470 1041 582 1103; x_wconf 82' lang='lat' dir='ltr'>fugitant</span> <span class='ocrx_word' id='word_1_58' title='bbox 595 1046 737 1103; x_wconf 88' lang='lat' dir='ltr'>optantque</span> <span class='ocrx_word' id='word_1_59' title='bbox 751 1041 851 1103; x_wconf 87' lang='lat' dir='ltr'>puellae</span> 
     </span>
     <span class='ocr_line' id='line_1_11' title="bbox 140 1128 780 1194; baseline -0.002 -16"><span class='ocrx_word' id='word_1_60' title='bbox 140 1131 305 1194; x_wconf 87' lang='lat' dir='ltr'>(Hesperium</span> <span class='ocrx_word' id='word_1_61' title='bbox 317 1131 406 1190; x_wconf 80' lang='lat' dir='ltr'>vitant,</span> <span class='ocrx_word' id='word_1_62' title='bbox 423 1136 513 1193; x_wconf 84' lang='lat' dir='ltr'>optant</span> <span class='ocrx_word' id='word_1_63' title='bbox 526 1130 660 1179; x_wconf 82' lang='lat' dir='ltr'>ardescere</span> <span class='ocrx_word' id='word_1_64' title='bbox 672 1128 780 1192; x_wconf 89' lang='lat' dir='ltr'>Eoum),</span> 
     </span>
     <span class='ocr_line' id='line_1_12' title="bbox 139 1218 717 1283; baseline -0.005 -15"><span class='ocrx_word' id='word_1_65' title='bbox 139 1219 281 1282; x_wconf 81' lang='lat' dir='ltr'>praeceptis</span> <span class='ocrx_word' id='word_1_66' title='bbox 296 1227 369 1283; x_wconf 85' lang='lat' dir='ltr'>paret</span> <span class='ocrx_word' id='word_1_67' title='bbox 382 1220 454 1281; x_wconf 86' lang='lat' dir='ltr'>virgo</span> <span class='ocrx_word' id='word_1_68' title='bbox 468 1218 574 1266; x_wconf 86' lang='lat' dir='ltr'>nutricis</span> <span class='ocrx_word' id='word_1_69' title='bbox 589 1227 614 1266; x_wconf 83' lang='lat' dir='ltr'>et</span> <span class='ocrx_word' id='word_1_70' title='bbox 627 1232 717 1265; x_wconf 90' lang='lat' dir='ltr'>omnes</span> 
     </span>
     <span class='ocr_line' id='line_1_13' title="bbox 139 1307 744 1371; baseline 0.003 -17"><span class='ocrx_word' id='word_1_71' title='bbox 139 1307 253 1371; x_wconf 89' lang='lat' dir='ltr'>undique</span> <span class='ocrx_word' id='word_1_72' title='bbox 268 1309 397 1370; x_wconf 88' lang='lat' dir='ltr'>conquirit</span> <span class='ocrx_word' id='word_1_73' title='bbox 410 1307 523 1356; x_wconf 88' lang='lat' dir='ltr'>nubendi</span> <span class='ocrx_word' id='word_1_74' title='bbox 536 1308 627 1356; x_wconf 88' lang='lat' dir='ltr'>sedula</span> <span class='ocrx_word' id='word_1_75' title='bbox 643 1323 744 1356; x_wconf 83' lang='lat' dir='ltr'>causas.</span> 
     </span>
    </p>

    <p class='ocr_par' dir='ltr' id='par_1_6' title="bbox 70 1396 841 1815">
     <span class='ocr_line' id='line_1_14' title="bbox 70 1396 772 1459; baseline -0.001 -14"><span class='ocrx_word' id='word_1_76' title='bbox 70 1401 120 1445; x_wconf 85' lang='grc'>355</span> <span class='ocrx_word' id='word_1_77' title='bbox 141 1401 298 1459; x_wconf 87' lang='lat' dir='ltr'>temptantur</span> <span class='ocrx_word' id='word_1_78' title='bbox 310 1396 409 1459; x_wconf 81' lang='lat' dir='ltr'>patriae</span> <span class='ocrx_word' id='word_1_79' title='bbox 422 1396 554 1444; x_wconf 91' lang='lat' dir='ltr'>submissis</span> <span class='ocrx_word' id='word_1_80' title='bbox 568 1396 673 1444; x_wconf 92' lang='lat' dir='ltr'>vocibus</span> <span class='ocrx_word' id='word_1_81' title='bbox 687 1411 772 1455; x_wconf 89' lang='lat' dir='ltr'>aures,</span> 
     </span>
     <span class='ocr_line' id='line_1_15' title="bbox 140 1484 841 1549; baseline 0 -15"><span class='ocrx_word' id='word_1_82' title='bbox 140 1485 331 1547; x_wconf 78' lang='lat' dir='ltr'>laudenturque</span> <span class='ocrx_word' id='word_1_83' title='bbox 344 1484 428 1533; x_wconf 87' lang='lat' dir='ltr'>bonae</span> <span class='ocrx_word' id='word_1_84' title='bbox 441 1486 512 1547; x_wconf 86' lang='lat' dir='ltr'>pacis</span> <span class='ocrx_word' id='word_1_85' title='bbox 526 1485 611 1543; x_wconf 90' lang='lat' dir='ltr'>bona;</span> <span class='ocrx_word' id='word_1_86' title='bbox 626 1485 724 1538; x_wconf 88' lang='lat' dir='ltr'>multus</span> <span class='ocrx_word' id='word_1_87' title='bbox 737 1486 841 1549; x_wconf 86' lang='lat' dir='ltr'>ineptae</span> 
     </span>
     <span class='ocr_line' id='line_1_16' title="bbox 140 1573 744 1636; baseline 0 -16"><span class='ocrx_word' id='word_1_88' title='bbox 140 1574 246 1636; x_wconf 79' lang='lat' dir='ltr'>virginis</span> <span class='ocrx_word' id='word_1_89' title='bbox 259 1573 365 1621; x_wconf 87' lang='lat' dir='ltr'>insolito</span> <span class='ocrx_word' id='word_1_90' title='bbox 378 1588 462 1622; x_wconf 88' lang='lat' dir='ltr'>sermo</span> <span class='ocrx_word' id='word_1_91' title='bbox 476 1589 556 1622; x_wconf 89' lang='lat' dir='ltr'>novus</span> <span class='ocrx_word' id='word_1_92' title='bbox 570 1581 638 1622; x_wconf 86' lang='lat' dir='ltr'>errat</span> <span class='ocrx_word' id='word_1_93' title='bbox 649 1573 677 1621; x_wconf 92' lang='lat' dir='ltr'>iu</span> <span class='ocrx_word' id='word_1_94' title='bbox 691 1589 744 1622; x_wconf 88' lang='lat' dir='ltr'>ore.</span> 
     </span>
     <span class='ocr_line' id='line_1_17' title="bbox 139 1662 770 1712; baseline 0.003 -3"><span class='ocrx_word' id='word_1_95' title='bbox 139 1677 209 1711; x_wconf 88' lang='lat' dir='ltr'>nuuc</span> <span class='ocrx_word' id='word_1_96' title='bbox 222 1670 329 1711; x_wconf 88' lang='lat' dir='ltr'>tremere</span> <span class='ocrx_word' id='word_1_97' title='bbox 343 1662 462 1710; x_wconf 88' lang='lat' dir='ltr'>instantis</span> <span class='ocrx_word' id='word_1_98' title='bbox 475 1663 538 1711; x_wconf 89' lang='lat' dir='ltr'>belli</span> <span class='ocrx_word' id='word_1_99' title='bbox 552 1663 693 1712; x_wconf 86' lang='lat' dir='ltr'>certamina</span> <span class='ocrx_word' id='word_1_100' title='bbox 707 1663 770 1711; x_wconf 90' lang='lat' dir='ltr'>dicit</span> 
     </span>
     <span class='ocr_line' id='line_1_18' title="bbox 140 1752 834 1815; baseline 0.001 -14"><span class='ocrx_word' id='word_1_101' title='bbox 140 1766 354 1815; x_wconf 87' lang='lat' dir='ltr'>communemque</span> <span class='ocrx_word' id='word_1_102' title='bbox 367 1752 456 1800; x_wconf 89' lang='lat' dir='ltr'>timere</span> <span class='ocrx_word' id='word_1_103' title='bbox 470 1753 554 1810; x_wconf 84' lang='lat' dir='ltr'>deum,</span> <span class='ocrx_word' id='word_1_104' title='bbox 570 1766 640 1800; x_wconf 88' lang='lat' dir='ltr'>nuno</span> <span class='ocrx_word' id='word_1_105' title='bbox 652 1753 720 1814; x_wconf 83' lang='lat' dir='ltr'>regis</span> <span class='ocrx_word' id='word_1_106' title='bbox 734 1754 834 1812; x_wconf 84' lang='lat' dir='ltr'>amicis,</span> 
     </span>
    </p>

    <p class='ocr_par' dir='ltr' id='par_1_7' title="bbox 70 1840 868 1905">
     <span class='ocr_line' id='line_1_19' title="bbox 70 1840 868 1905; baseline 0 -17"><span class='ocrx_word' id='word_1_107' title='bbox 70 1845 121 1888; x_wconf 88' lang='grc'>360</span> <span class='ocrx_word' id='word_1_108' title='bbox 140 1840 243 1903; x_wconf 87' lang='lat' dir='ltr'>iamque</span> <span class='ocrx_word' id='word_1_109' title='bbox 262 1840 311 1903; x_wconf 91' lang='lat' dir='ltr'>ipsi</span> <span class='ocrx_word' id='word_1_110' title='bbox 330 1841 410 1889; x_wconf 83' lang='lat' dir='ltr'>verita</span> <span class='ocrx_word' id='word_1_111' title='bbox 429 1848 481 1900; x_wconf 88' lang='lat' dir='ltr'>est,</span> <span class='ocrx_word' id='word_1_112' title='bbox 503 1841 595 1889; x_wconf 88' lang='lat' dir='ltr'>orbum</span> <span class='ocrx_word' id='word_1_113' title='bbox 612 1841 656 1890; x_wconf 86' lang='lat' dir='ltr'>flet</span> <span class='ocrx_word' id='word_1_114' title='bbox 667 1849 767 1890; x_wconf 83' lang='lat' dir='ltr'>maesta</span> <span class='ocrx_word' id='word_1_115' title='bbox 779 1857 868 1905; x_wconf 85' lang='lat' dir='ltr'>paren·</span> 
     </span>
    </p>

    <p class='ocr_par' dir='ltr' id='par_1_8' title="bbox 120 1936 867 2348">
     <span class='ocr_line' id='line_1_20' title="bbox 442 1936 501 1988; baseline -0.017 -10"><span class='ocrx_word' id='word_1_116' title='bbox 442 1936 501 1988; x_wconf 86' lang='lat' dir='ltr'>tem,</span> 
     </span>
     <span class='ocr_line' id='line_1_21' title="bbox 120 2018 867 2083; baseline 0.001 -16"><span class='ocrx_word' id='word_1_117' title='bbox 120 2053 122 2057; x_wconf 88' lang='lat'><em>-</em></span> <span class='ocrx_word' id='word_1_118' title='bbox 141 2033 199 2067; x_wconf 90' lang='lat' dir='ltr'>oum</span> <span class='ocrx_word' id='word_1_119' title='bbox 212 2018 271 2066; x_wconf 86' lang='lat' dir='ltr'>Iove</span> <span class='ocrx_word' id='word_1_120' title='bbox 285 2033 433 2067; x_wconf 88' lang='lat' dir='ltr'>communes</span> <span class='ocrx_word' id='word_1_121' title='bbox 447 2033 524 2081; x_wconf 91' lang='lat' dir='ltr'>quem</span> <span class='ocrx_word' id='word_1_122' title='bbox 536 2033 582 2082; x_wconf 88' lang='lat' dir='ltr'>par</span> <span class='ocrx_word' id='word_1_123' title='bbox 595 2019 628 2066; x_wconf 90' lang='lat' dir='ltr'>sit</span> <span class='ocrx_word' id='word_1_124' title='bbox 639 2018 736 2068; x_wconf 82' lang='lat' dir='ltr'>habere</span> <span class='ocrx_word' id='word_1_125' title='bbox 753 2026 867 2083; x_wconf 86' lang='lat' dir='ltr'>nepotes,</span> 
     </span>
     <span class='ocr_line' id='line_1_22' title="bbox 140 2107 727 2170; baseline 0.005 -17"><span class='ocrx_word' id='word_1_126' title='bbox 140 2120 209 2154; x_wconf 86' lang='lat' dir='ltr'>nunc</span> <span class='ocrx_word' id='word_1_127' title='bbox 223 2107 300 2156; x_wconf 89' lang='lat' dir='ltr'>etiam</span> <span class='ocrx_word' id='word_1_128' title='bbox 314 2108 423 2156; x_wconf 86' lang='lat' dir='ltr'>conficta</span> <span class='ocrx_word' id='word_1_129' title='bbox 437 2108 497 2155; x_wconf 93' lang='lat' dir='ltr'>dolo</span> <span class='ocrx_word' id='word_1_130' title='bbox 511 2107 647 2156; x_wconf 84' lang='lat' dir='ltr'>mendacia</span> <span class='ocrx_word' id='word_1_131' title='bbox 659 2108 727 2170; x_wconf 89' lang='lat' dir='ltr'>turpi</span> 
     </span>
     <span class='ocr_line' id='line_1_23' title="bbox 140 2195 702 2255; baseline 0.004 -13"><span class='ocrx_word' id='word_1_132' title='bbox 140 2195 237 2243; x_wconf 87' lang='lat' dir='ltr'>invenit</span> <span class='ocrx_word' id='word_1_133' title='bbox 249 2204 275 2244; x_wconf 90' lang='lat' dir='ltr'>et</span> <span class='ocrx_word' id='word_1_134' title='bbox 287 2197 373 2244; x_wconf 90' lang='lat' dir='ltr'>divum</span> <span class='ocrx_word' id='word_1_135' title='bbox 387 2203 463 2245; x_wconf 86' lang='lat' dir='ltr'>terret</span> <span class='ocrx_word' id='word_1_136' title='bbox 476 2196 612 2244; x_wconf 79' lang='lat' dir='ltr'>formidine</span> <span class='ocrx_word' id='word_1_137' title='bbox 626 2196 702 2255; x_wconf 85' lang='lat' dir='ltr'>cives,</span> 
     </span>
     <span class='ocr_line' id='line_1_24' title="bbox 140 2284 808 2348; baseline 0.004 -17"><span class='ocrx_word' id='word_1_138' title='bbox 140 2299 209 2333; x_wconf 86' lang='lat' dir='ltr'>nune</span> <span class='ocrx_word' id='word_1_139' title='bbox 222 2285 275 2334; x_wconf 88' lang='lat' dir='ltr'>alia</span> <span class='ocrx_word' id='word_1_140' title='bbox 288 2300 320 2334; x_wconf 89' lang='lat' dir='ltr'>ex</span> <span class='ocrx_word' id='word_1_141' title='bbox 334 2286 390 2334; x_wconf 88' lang='lat' dir='ltr'>aliis</span> <span class='ocrx_word' id='word_1_142' title='bbox 404 2285 464 2348; x_wconf 86' lang='lat' dir='ltr'>(nec</span> <span class='ocrx_word' id='word_1_143' title='bbox 478 2285 581 2347; x_wconf 87' lang='lat' dir='ltr'>desunt)</span> <span class='ocrx_word' id='word_1_144' title='bbox 595 2284 684 2332; x_wconf 83' lang='lat' dir='ltr'>omina</span> <span class='ocrx_word' id='word_1_145' title='bbox 696 2286 808 2347; x_wconf 85' lang='lat' dir='ltr'>quaerit.</span> 
     </span>
    </p>

    <p class='ocr_par' dir='ltr' id='par_1_9' title="bbox 70 2373 800 2738">
     <span class='ocr_line' id='line_1_25' title="bbox 70 2373 791 2436; baseline 0.003 -16"><span class='ocrx_word' id='word_1_146' title='bbox 70 2377 121 2421; x_wconf 86' lang='grc'>365</span> <span class='ocrx_word' id='word_1_147' title='bbox 141 2373 294 2436; x_wconf 89' lang='lat' dir='ltr'>quinetiam</span> <span class='ocrx_word' id='word_1_148' title='bbox 309 2381 391 2423; x_wconf 86' lang='lat' dir='ltr'>castos</span> <span class='ocrx_word' id='word_1_149' title='bbox 405 2389 468 2423; x_wconf 85' lang='lat' dir='ltr'>ausa</span> <span class='ocrx_word' id='word_1_150' title='bbox 482 2381 520 2422; x_wconf 89' lang='lat' dir='ltr'>cst</span> <span class='ocrx_word' id='word_1_151' title='bbox 533 2387 698 2436; x_wconf 85' lang='lat' dir='ltr'>eorrumpere</span> <span class='ocrx_word' id='word_1_152' title='bbox 710 2382 791 2433; x_wconf 83' lang='lat' dir='ltr'>vates,</span> 
     </span>
     <span class='ocr_line' id='line_1_26' title="bbox 140 2461 749 2525; baseline 0.002 -17"><span class='ocrx_word' id='word_1_153' title='bbox 140 2467 176 2519; x_wconf 88' lang='lat' dir='ltr'>ut,</span> <span class='ocrx_word' id='word_1_154' title='bbox 193 2477 250 2509; x_wconf 85' lang='lat' dir='ltr'>curu</span> <span class='ocrx_word' id='word_1_155' title='bbox 264 2478 340 2511; x_wconf 82' lang='lat' dir='ltr'>caesa</span> <span class='ocrx_word' id='word_1_156' title='bbox 352 2462 396 2525; x_wconf 92' lang='lat' dir='ltr'>pio</span> <span class='ocrx_word' id='word_1_157' title='bbox 410 2463 543 2511; x_wconf 87' lang='lat' dir='ltr'>cecidisset</span> <span class='ocrx_word' id='word_1_158' title='bbox 555 2462 659 2509; x_wconf 87' lang='lat' dir='ltr'>victima</span> <span class='ocrx_word' id='word_1_159' title='bbox 671 2461 749 2520; x_wconf 86' lang='lat' dir='ltr'>ferro,</span> 
     </span>
     <span class='ocr_line' id='line_1_27' title="bbox 141 2550 762 2613; baseline 0 -15"><span class='ocrx_word' id='word_1_160' title='bbox 141 2557 225 2598; x_wconf 85' lang='lat' dir='ltr'>essent</span> <span class='ocrx_word' id='word_1_161' title='bbox 238 2551 281 2613; x_wconf 92' lang='lat' dir='ltr'>qui</span> <span class='ocrx_word' id='word_1_162' title='bbox 295 2565 419 2612; x_wconf 85' lang='lat' dir='ltr'>generum</span> <span class='ocrx_word' id='word_1_163' title='bbox 431 2552 521 2600; x_wconf 85' lang='lat' dir='ltr'>Minoa</span> <span class='ocrx_word' id='word_1_164' title='bbox 534 2550 682 2600; x_wconf 84' lang='lat' dir='ltr'>auctoribus</span> <span class='ocrx_word' id='word_1_165' title='bbox 696 2551 762 2599; x_wconf 87' lang='lat' dir='ltr'>extis</span> 
     </span>
     <span class='ocr_line' id='line_1_28' title="bbox 140 2639 800 2738; baseline 0.002 -51"><span class='ocrx_word' id='word_1_166' title='bbox 140 2639 246 2738; x_wconf 47' lang='lat' dir='ltr'>iunogere</span> <span class='ocrx_word' id='word_1_167' title='bbox 260 2647 285 2689; x_wconf 90' lang='lat' dir='ltr'>et</span> <span class='ocrx_word' id='word_1_168' title='bbox 297 2641 422 2703; x_wconf 83' lang='lat' dir='ltr'>aucipites</span> <span class='ocrx_word' id='word_1_169' title='bbox 436 2640 573 2688; x_wconf 85' lang='lat' dir='ltr'>suaderent</span> <span class='ocrx_word' id='word_1_170' title='bbox 585 2639 675 2688; x_wconf 87' lang='lat' dir='ltr'>tollere</span> <span class='ocrx_word' id='word_1_171' title='bbox 688 2654 800 2703; x_wconf 81' lang='lat' dir='ltr'>pugnas.</span> 
     </span>
    </p>
   </div>
   <div class='ocr_carea' id='block_1_4' title="bbox 0 0 908 2956">
    <p class='ocr_par' dir='ltr' id='par_1_10' title="bbox 0 0 908 2956">
     <span class='ocr_line' id='line_1_29' title="bbox 0 0 908 2956; baseline 0 0"><span class='ocrx_word' id='word_1_172' title='bbox 0 0 908 2956; x_wconf 95' lang='lat' dir='ltr'> </span> 
     </span>
    </p>
   </div>
  </div>
 </body>
</html>
