1808 2956
246 176 394 215 AENEIDOS
413 177 499 216 LIBER
513 178 543 215 11.
733 170 788 216 177

64 332 118 381 tela
131 347 210 380 manu
223 332 309 379 miseri
323 332 455 381 iactabant
467 332 545 380 inrita
558 333 660 382 Teucri.

10 425 45 469 60
64 419 156 468 turrim
168 420 195 467 in
209 420 343 482 praecipiti
356 427 467 468 stantem
485 422 642 484 summisque
660 424 706 471 sub
724 431 793 472 astra

65 507 184 556 eductam
197 509 279 566 tectis,
296 509 364 556 unde
377 509 460 556 omnis
473 508 553 557 Troia
565 510 644 559 videri

64 603 91 645 et
102 595 224 644 Danaum
238 597 330 644 solitae
343 610 420 644 naves
433 603 458 644 et
470 596 572 645 Achaia
585 606 678 655 castra,

64 686 179 747 adgressi
192 685 259 734 ferro
273 685 378 741 circum,
394 699 445 746 qna
458 699 559 732 summa
572 685 682 734 labantis

63 774 195 823 iuncturas
209 773 325 822 tabulata
338 772 442 831 dabant,
459 773 626 821 convellimus
640 775 699 822 altis

11 867 43 911 ⁶5
64 862 167 911 sedibus
181 863 389 925 inpulimusque3
410 875 441 908 ea
454 860 528 923 lapsa
540 870 644 924 repente
657 863 758 911 ruinam

64 967 122 999 cnm
136 951 222 998 sonitu
236 950 314 998 trahit
328 957 353 997 et
365 949 487 997 Danaum
500 964 577 1011 super
590 951 695 1012 agmina
709 951 761 1000 late

62 1039 162 1087 incidit.
191 1046 230 1087 ast
243 1039 288 1087 alii
301 1033 425 1094 subeunt'
436 1052 482 1085 nec
495 1053 559 1086 saxa
573 1053 619 1087 nec
632 1040 715 1087 ullum

62 1128 172 1176 telorum
186 1128 284 1175 interea
298 1135 381 1174 cessat
392 1141 482 1188 genus.

99 1215 261 1264 Vestibulum
275 1224 335 1263 ante
348 1215 433 1277 ipsum
445 1216 581 1278 primoque
593 1215 620 1262 in
634 1215 722 1264 limine
730 1215 791 1278 Pyr·

364 1303 425 1351 rhus

11 1397 43 1442 70
64 1391 172 1451 exultat,
188 1392 245 1440 telis
258 1400 283 1439 et
296 1391 352 1440 luce
366 1405 487 1439 coruscus
501 1406 575 1449 aena,

64 1479 147 1542 qualis
160 1479 204 1527 ubi
218 1480 244 1527 in
258 1481 342 1530 lucem
356 1479 461 1527 coluber
473 1479 543 1527 mala
555 1480 673 1540 granrina
691 1489 788 1543 pastus,

63 1569 158 1630 frigida
171 1568 217 1615 sub
232 1576 299 1616 terra
312 1569 438 1615 tumidum
452 1582 528 1629 quem
542 1568 633 1615 bruma
646 1568 757 1629 tegebat,

62 1671 131 1704 nunc
145 1655 234 1719 positis
248 1671 327 1703 novos
342 1655 439 1704 exuviis
452 1656 600 1717 nitidusque
612 1655 716 1703 iuventa

62 1744 162 1793 lubrica
176 1745 304 1792 convolvit
317 1744 418 1791 sublato
432 1750 534 1805 pectore
548 1751 628 1804 terga,

10 1839 42 1882 75
64 1833 157 1880 arduos
171 1833 203 1880 ad
218 1833 307 1890 solem,
324 1841 350 1880 et
361 1832 456 1893 linguis
470 1832 548 1879 micat
561 1846 605 1879 ore
618 1831 739 1880 trisulcis.

62 1935 115 1969 una
127 1921 218 1982 ingens
232 1920 355 1983 Periphas
369 1928 393 1968 et
406 1934 530 1982 equorum
542 1919 654 1981 agitator
666 1919 787 1993 Achillia,

62 2009 174 2070 armiger
185 2009 361 2066 Automedon,
376 2022 428 2056 una
441 2009 525 2056 omnis
539 2007 629 2071 Scyria
641 2008 723 2075 pubes

61 2097 203 2145 succedunt
215 2104 282 2146 tecto
296 2105 321 2144 et
333 2097 449 2145 flammas
463 2097 495 2144 ad
509 2097 622 2145 culmina
635 2096 740 2147 iactant.

61 2185 116 2247 ipse
128 2185 195 2232 inter
207 2184 304 2247 primos
317 2192 434 2246 correpta
448 2185 512 2233 dura
525 2184 629 2247 bipenni

10 2278 42 2321 80
62 2273 152 2321 limina
165 2272 308 2335 perrumpit
318 2280 456 2340 postesque
468 2288 484 2321 a
497 2273 601 2321 cardine
613 2273 685 2321 vellit

62 2367 171 2418 aeratos,
187 2361 290 2422 iamque
304 2362 390 2415 excisa
402 2361 474 2417 trabe
487 2361 560 2410 firma
574 2361 672 2421 cavavit

61 2448 155 2496 robora
168 2455 193 2496 et
204 2448 336 2510 ingentem
349 2448 401 2497 lato
416 2450 487 2505 dedit
499 2464 543 2498 ore
555 2450 701 2499 fenestram.

61 2537 169 2598 adparet
181 2536 272 2584 domus
285 2537 353 2584 intus
367 2544 392 2585 et
404 2537 471 2587 atria
482 2539 567 2600 longa
576 2541 733 2600 patescunt„

58 2625 184 2686 adparent
195 2624 296 2676 Priami
309 2635 335 2678 et
347 2636 472 2680 veterum
482 2625 645 2693 penetralia
652 2626 760 2676 &effi

34 2704 153 2759 ramirus.
629 2701 676 2749 W·
