1808 2956
414 200 499 240 cmm.
793 193 851 239 563

162 358 199 406 At
210 358 306 415 namin,
321 359 411 420 patula
424 371 572 422 conponens
586 356 684 405 sulfura
697 365 770 418 testa,

57 450 108 496 370
128 446 270 494 narcissum
283 447 432 510 casiamque
444 447 536 494 herbas
550 447 687 495 contundit
699 447 797 507 olentes

129 542 217 596 terque
230 549 330 583 novena
343 535 409 597 ligat
422 535 515 598 triplici
530 536 630 583 diversa
643 535 730 583 colore

128 623 185 670 fila:
198 612 247 670 ‘ter
259 623 286 669 in
298 624 425 684 gremium
432 615 539 671 mecum'
552 624 637 685 inquit
646 614 762 686 ‘despue
772 624 853 685 virgo,

129 712 224 774 despue
238 717 283 770 ter,
299 712 387 772 virgo:
402 727 510 760 numero
524 712 586 760 deus
599 712 689 774 inpare
701 704 816 774 gaudet'

128 800 188 847 inde
200 799 254 848 Iovi
267 815 362 861 magno
375 800 490 861 geminat
503 799 629 862 Stygialia
642 816 725 859 sacra,

58 893 109 938 375
130 904 204 936 sacra
217 903 264 936 nec
276 888 369 935 Aeaeis
383 888 474 936 anibus
488 903 536 937 nec
549 889 653 950 cognita
668 886 760 948 Grais3

49 1041 52 1048 q
128 977 221 1039 pergit,
236 975 377 1037 Amyclaeo
390 991 513 1039 spargens
528 976 620 1024 altaria
632 976 724 1035 thallo‚

129 1065 197 1126 regis
210 1064 328 1112 Iolciacis
342 1064 456 1112 animum
470 1063 581 1125 defigere
593 1064 667 1111 votis.

57 1149 60 1155 ’
130 1168 218 1202 verum
230 1152 273 1199 ubi
288 1152 362 1200 nulla
375 1158 459 1200 movet
471 1152 589 1200 stabilem
602 1151 819 1211 fallacissimum,

130 1257 177 1292 nec
190 1248 298 1305 possunt
310 1240 427 1288 homines
441 1255 489 1288 nec
502 1247 610 1303 possunt
622 1242 722 1289 flectere
736 1241 787 1288 divi

60 1337 110 1380 380
130 1331 214 1393 (tanta
226 1337 264 1378 est
276 1331 303 1378 in
316 1345 395 1392 parvo
408 1329 503 1377 fiducia
516 1329 586 1377 crine
599 1329 727 1392 cavendi),

130 1434 217 1467 rursus
230 1419 263 1467 ad
276 1419 408 1482 inceptum
420 1419 518 1467 sociam
531 1433 558 1466 se
571 1417 655 1480 iungit
667 1419 788 1467 alumnae

130 1523 339 1572 purpureumque
352 1514 426 1570 parat
438 1522 525 1555 rursus
539 1507 646 1554 tondere
659 1506 791 1570 capillum,

131 1603 183 1645 tam
196 1598 275 1658 longo
290 1597 359 1659 qnod
373 1597 425 1644 iam
439 1601 525 1658 captat
537 1591 684 1642 succurrere
697 1595 788 1654 amori,

132 1700 184 1732 non
197 1687 282 1734 minus
295 1686 341 1734 illa
355 1691 441 1733 tamen
455 1684 539 1732 revehi
553 1683 623 1746 quod
637 1683 741 1731 moenia
754 1682 847 1731 Cressa

62 1778 112 1821 385
132 1774 257 1834 gaudeat:
274 1781 299 1823 et
312 1774 391 1822 cineri
404 1773 488 1836 patria
500 1778 538 1821 est
549 1772 663 1820 iucunda
675 1770 784 1833 sepulto.

167 1860 236 1922 Ergo
250 1863 342 1910 iterum
355 1863 433 1925 capiti
447 1861 536 1924 Scylla
549 1867 586 1910 est
598 1859 704 1908 inimica
716 1864 832 1921 paterno.

133 1955 187 1996 tum
200 1963 274 1997 coma
287 1949 395 1998 Sidonio
409 1952 502 1999 florens
516 1948 642 1997 deciditur
656 1954 734 2007 ostro,

133 2044 186 2084 turn
200 2037 300 2100 capitur
312 2038 418 2099 Megara
430 2047 455 2088 et
468 2040 554 2086 divum
571 2051 694 2100 responsa
706 2036 858 2099 probantur,

133 2132 187 2172 tum
200 2140 325 2187 suspensa
338 2141 405 2175 novo
418 2129 468 2174 ritu
482 2128 513 2175 de
526 2126 634 2174 navibus
648 2125 706 2173 altis

63 2220 113 2263 390
133 2198 261 2276 perurere
275 2215 421 2262 caeruleum
434 2215 543 2263 trahitur
554 2215 643 2263 Niseia
655 2214 735 2275 virgo.

133 2303 269 2364 conplures
282 2301 355 2349 illam
368 2302 496 2364 nymphae
509 2304 635 2351 mirantur
647 2303 674 2349 in
687 2303 771 2361 undis,

134 2390 242 2437 miratur
254 2396 327 2452 peter
341 2388 459 2438 Oceanus
473 2397 499 2438 et
511 2391 622 2439 candida
634 2391 730 2453 Tethys

134 2486 159 2527 et
172 2478 279 2541 cupidas
292 2492 379 2525 secum
392 2478 494 2541 rapiens
508 2476 618 2527 Galatea
631 2494 740 2538 sorores,

134 2568 207 2614 illam
221 2567 307 2625 etiam,
322 2566 416 2614 iunctis
429 2581 552 2628 magnum
566 2555 632 2628 quae
642 2567 754 2629 piscibus
765 2582 863 2630 aequor

63 2662 114 2706 395
134 2664 160 2705 et
171 2657 264 2718 glauco
278 2655 401 2719 bipedum
414 2670 489 2704 curru
502 2655 605 2703 metitur
618 2669 753 2717 equorum,

642 2730 706 2782 bb*
