1808 2956
66 172 127 220 390
305 181 330 218 P.
349 179 470 218 vandum
490 177 622 216 uanoms

135 335 254 383 ductores
267 334 397 383 Teucrum
409 335 485 398 primi
499 342 523 383 et
536 335 637 382 delecta
649 335 772 385 iuventus

66 428 116 471 225
136 424 273 472 consilium
286 425 392 471 summis
406 423 478 485 regni
493 422 612 471 derebus
626 423 771 483 habebant,

137 512 198 574 quid
212 511 326 560 facerent
338 512 425 574 quisve
439 512 543 559 Aeneae
556 512 609 559 iam
623 513 731 560 nuntius
745 524 830 573 esset;

136 607 205 648 stant
218 600 301 661 longis
316 600 404 647 adnixi
418 600 498 647 hastis
512 607 537 648 et
549 607 622 647 scuta
635 608 755 650 tenentes

137 697 279 738 castrorum
292 696 317 736 et
330 689 414 750 campi
427 688 521 735 medio.
550 695 604 735 tum
616 687 695 736 Nisus
709 697 735 738 et
748 705 803 738 una

137 778 263 840 Euryalus
277 776 412 825 confestim
426 777 524 824 alacres
538 776 669 824 admittier
681 787 777 836 orant;

67 870 118 913 230
138 880 192 914 rem
213 879 350 927 magnam,
377 865 540 928 pretiumque
565 878 653 912 morae
672 865 739 914 fore.
776 868 862 930 primm

438 954 511 1001 Iulus

139 1042 238 1104 accepit
250 1041 363 1104 trepidos
377 1057 407 1090 ac
420 1041 511 1089 Nisum
525 1042 610 1089 dicere
623 1041 706 1089 iussit.

138 1137 192 1178 tum
205 1131 241 1178 sic
255 1130 414 1192 Hyrtacides.
439 1121 539 1179 ‘audite
553 1147 568 1178 ο
582 1131 711 1178 mentibus
725 1132 828 1194 aequis,

138 1218 287 1275 Aeneadae,
303 1233 365 1267 neve
379 1218 442 1266 haec
456 1219 549 1266 nostris
563 1227 711 1281 spectentur
724 1220 758 1267 ab
773 1220 848 1268 annis

139 1321 205 1368 quae
219 1306 331 1354 serimus.
359 1307 448 1355 Rutuli
461 1322 553 1354 somno
567 1308 678 1369 vinoque
691 1308 773 1356 soluti

68 1399 119 1442 235
140 1394 303 1453 conticuere;
318 1395 405 1442 locum
418 1395 519 1442 insidiis
534 1386 715 1458 conspeximus
729 1396 791 1458 ipsi,

139 1483 183 1546 qui
196 1490 268 1546 patet
280 1483 306 1530 in
319 1483 388 1530 bivio
402 1491 491 1545 portae
505 1500 571 1547 quae
585 1484 704 1547 proxima
717 1494 818 1547 pont0;

140 1571 274 1635 interrupti
288 1572 371 1633 ignes,
387 1579 492 1632 aterque
506 1573 538 1620 ad
552 1573 636 1620 sidera
649 1571 735 1620 fumus

140 1660 262 1721 erigitur;
277 1661 298 1708 si
312 1659 416 1708 fortuna
429 1660 575 1722 permittitis
589 1661 625 1707 uti

140 1750 284 1810 quaesitum
297 1751 405 1797 Aenean
419 1758 444 1797 et
457 1750 560 1797 moenia
573 1748 718 1806 Pallantea,

70 1841 121 1884 240
140 1851 201 1883 mox
215 1838 256 1885 hic
271 1853 329 1886 cum
342 1837 440 1899 spoliis,
456 1837 555 1898 ingenti
569 1838 647 1885 caede
660 1846 775 1899 peracta,

140 1924 229 1973 adfore
243 1926 359 1974 cernetis.
387 1941 434 1973 nec
447 1941 494 1973 nos
507 1927 548 1973 via
560 1926 634 1973 fallet
647 1925 744 1972 euntis:

141 2013 250 2060 vidimus
263 2014 378 2062 obscuris
391 2015 500 2077 primam
514 2013 560 2062 sub
574 2014 684 2061 vallibus
697 2014 790 2062 urbem

141 2108 233 2149 venatu
247 2102 356 2150 adsiduo
370 2110 395 2150 et
408 2110 490 2150 totum
504 2103 671 2164 cognovimus
685 2095 811 2150 amnem.'

141 2189 183 2237 hic
196 2190 269 2236 annis
282 2191 366 2251 gravis
380 2199 458 2252 atque
471 2192 550 2239 animi
564 2198 679 2238 maturus
694 2192 785 2239 Aletes

69 2281 120 2326 245
138 2267 175 2324 ‘di
187 2278 273 2340 patrii,
290 2293 400 2341 quorum
413 2294 514 2342 semper
527 2281 573 2327 sub
588 2280 694 2327 numine
707 2279 824 2340 Troiast,

142 2380 194 2413 non
208 2374 292 2415 tamen
306 2368 412 2415 omnine
426 2368 540 2415 Teucros
554 2368 639 2416 delere
655 2368 762 2430 paratis,

142 2470 200 2503 cum
213 2456 271 2503 talis
285 2457 384 2503 animos
398 2457 518 2503 invcnum
531 2464 621 2503 ettam
635 2463 704 2503 certa
718 2457 815 2506 tulistis

141 2536 252 2607 pectora'
266 2544 315 2606 (sic
328 2559 473 2592 memorans
487 2559 588 2591 umeros
603 2544 760 2606 dextrasque
769 2547 863 2595 tcttcba

130 2633 271 2685 amborum
286 2643 313 2686 et
326 2635 427 2685 voltum
438 2633 558 2684 lacrimis
571 2639 650 2693 atque
663 2646 711 2677 cra
719 2633 847 2692 exesum.

62 2758 93 2782 h.
