1808 2956
234 107 404 151 GEORGIOON
424 111 509 152 LIBER
525 113 545 152 1.

58 271 197 328 expectata
208 280 281 328 seges
294 267 367 315 vanis
380 267 458 315 elusit
470 269 566 318 avenis.

58 354 80 402 si
93 368 153 402 vero
167 355 311 417 viciamque
324 369 392 403 seres
405 356 533 419 vilemque
546 358 690 421 phaselum,

57 457 107 491 nec
118 442 271 491 Pelusiacae
285 457 373 490 curam
386 445 557 506 aspernabere
569 446 655 505 lentis,

58 532 129 580 haud
143 530 254 584 obscura
267 531 361 586 cadens
374 518 457 580 mittet
469 533 516 579 tibi
529 533 604 594 signa
616 534 721 594 bootes3

10 626 37 669 30
57 619 145 682 incipe
158 626 183 668 et
196 619 228 667 ad
242 619 339 668 medias
352 627 493 669 sementem
506 622 615 669 extende
628 623 743 683 pruinas.

94 708 195 756 idcirco
209 707 284 756 certis
298 708 442 756 dimensum
455 709 570 770 partibus
584 710 672 757 orbem

57 811 105 860 per
117 796 240 844 duodena
252 796 319 857 regit
330 797 419 844 muudi
433 798 473 845 sol
487 812 579 847 aureus
592 804 671 847 astra.

58 884 175 948 quinque
194 889 283 944 teuent
300 884 401 932 caelum
420 900 514 933 zonae:
542 900 651 948 quarum
673 901 726 934 una
745 901 786 934 co-

360 988 436 1021 rusco

57 1074 161 1122 semper
173 1060 228 1108 sole
240 1060 335 1108 rubens
349 1068 374 1109 et
386 1061 484 1109 torrida
497 1076 597 1124 semper
610 1062 641 1110 ab
655 1062 725 1124 igni3

10 1156 37 1198 35
58 1163 139 1211 quam
152 1149 248 1196 circum
261 1154 390 1196 extremae
402 1150 492 1198 dextra
504 1151 628 1214 laevaque
640 1151 784 1208 trahuntur,

59 1237 181 1286 caerulea
192 1236 278 1298 glacie
292 1244 427 1285 concretae
440 1245 517 1300 atque
530 1239 654 1287 imbribus
668 1239 745 1298 atris3

58 1327 106 1374 has
119 1325 187 1372 inter
198 1325 362 1386 mediamque
376 1325 442 1373 duae
455 1327 606 1375 mortalibus
621 1327 704 1388 aegris

58 1427 167 1462 munere
180 1427 317 1461 concessae
331 1413 424 1472 divom,
443 1420 468 1461 et
480 1415 521 1463 via
533 1422 603 1463 secta
616 1429 661 1477 per
674 1413 772 1471 ambas,

59 1502 160 1550 oblicus
174 1516 226 1563 qua
239 1515 266 1549 se
278 1501 411 1563 signorum
423 1509 531 1551 verteret
543 1503 616 1550 ordo.

10 1595 40 1639 40
59 1589 172 1638 mundus
185 1594 214 1636 ut
227 1589 259 1637 ad
271 1588 402 1651 Scythiam
413 1591 594 1653 Rhipaeasque
607 1590 702 1638 arduus
716 1603 786 1637 arces

60 1677 203 1738 consurgit,
219 1670 342 1739 premitur
354 1678 452 1739 Libyae
465 1680 575 1726 devexus
588 1678 614 1725 in
629 1684 736 1726 austros.

59 1766 102 1815 bic
115 1773 203 1814 vertex
216 1765 290 1813 nobis
302 1780 403 1828 semper
415 1767 547 1825 sublimis3
569 1773 595 1814 at
606 1766 680 1813 illum

60 1854 107 1903 sub
121 1853 229 1917 pedibus
242 1851 306 1915 Styx
319 1860 375 1902 atra
386 1854 455 1902 videt
467 1869 607 1916 manesque
621 1852 751 1915 profundi.

59 1955 198 1990 maxumus
211 1941 254 1990 hic
265 1941 333 1989 flexu
347 1941 451 1989 sinuoso
466 1942 576 1990 clabitur
589 1942 681 2002 anguis

10 2035 40 2078 45
60 2030 158 2079 circum
171 2043 268 2092 perque
281 2030 345 2077 duas
358 2030 386 2077 in
399 2044 496 2077 morem
509 2030 620 2077 fluminis
634 2036 726 2083 arctos,

60 2124 145 2167 arctos
160 2116 258 2166 Oceani
271 2124 413 2166 metuentes
427 2131 539 2180 aequore
552 2117 643 2178 tingui.

59 2206 124 2266 illic,
140 2212 169 2253 ut
181 2205 325 2268 perhibent,
342 2212 386 2253 aut
398 2205 551 2267 intempesta
564 2206 622 2253 silet
635 2219 696 2262 nox,

59 2308 163 2356 semper
175 2300 201 2342 et
214 2293 318 2341 obtenta
332 2294 471 2341 densantur
483 2300 558 2341 nocte
571 2292 700 2349 tenebrae,

60 2389 106 2431 aut
118 2381 185 2430 redit
198 2381 300 2431 anobis
313 2381 417 2428 Aurora
430 2381 549 2442 dicmque
561 2381 676 2438 reducit;

10 2475 42 2518 50
61 2484 162 2532 nosque
175 2469 219 2517 ubi
232 2469 328 2531 primus
343 2469 415 2530 equis
429 2467 521 2516 Oriens
535 2467 640 2515 adflavit
653 2466 762 2522 anhelis,

60 2559 117 2608 illic
129 2572 188 2607 sera
200 2556 295 2605 rubens
308 2556 426 2605 accendit
439 2556 538 2603 lumina
550 2555 660 2617 Vesper.

44 2640 168 2698 Vergilius.
628 2638 644 2680 b
