1808 2956
62 157 125 205 256
304 166 329 203 n.
347 164 468 203 vuuernr
488 164 621 204 uinctus

131 336 185 369 nou
205 321 259 371 iam
280 320 364 384 prima
383 328 443 382 peto
462 319 628 380 Mnestheus,
655 337 748 386 neque
774 327 841 375 vines

433 416 519 467 certo;

62 503 112 547 195
133 497 406 561 quemquamc-sed
419 505 540 560 superent
551 496 645 558 quibus
659 497 722 560 hoc,
740 501 841 566 Neptuu

434 585 541 632 dedisti:

132 682 261 724 extremos
273 674 370 737 pudeat
381 673 504 732 rediisse3
524 673 575 720 hoc
588 673 693 733 vincite,
710 676 794 739 cives,

132 771 158 813 et
169 762 304 827 prohibete
316 753 408 810 uclea’
432 761 477 809 olli
492 761 631 810 certamine
644 777 751 813 summo

132 852 319 916 procumbunt3
340 850 517 919 rastis'tremit
529 849 623 897 ictibus
637 865 715 899 screa
725 855 835 918 puppis,

133 940 341 1002 subtrahiturque
359 940 460 998 solum;
480 946 535 986 tum
548 938 637 986 creber
650 938 788 991 anhelitus
801 952 841 991 ert

60 1034 113 1077 200
133 1029 257 1091 erideque
270 1042 317 1075 cre
330 1027 421 1090 quatit,
436 1027 516 1074 sudor
528 1027 584 1074 fluit
596 1027 714 1089 undique
727 1029 803 1080 rivis.

134 1117 219 1164 attuht
231 1117 286 1179 ipsc
299 1116 359 1163 viris
372 1123 489 1178 optatum
502 1130 576 1163 casus
589 1114 727 1163 honorem.

133 1219 245 1266 nemque
264 1202 349 1252 furens
369 1204 448 1251 animi
469 1204 530 1251 dum
548 1218 653 1266 prorem
672 1204 706 1253 sd
725 1220 794 1257 saxa
811 1222 841 1256 su

434 1300 526 1354 urguet

132 1380 240 1428 interior
252 1380 388 1443 spatioque
400 1381 469 1428 subit
482 1380 616 1441 Sergestus
629 1380 730 1443 iniquo,

132 1469 223 1517 infelix
235 1469 305 1516 saxis
318 1469 344 1515 in
358 1469 567 1531 procurrentibus
579 1468 672 1517 haesit.

61 1563 113 1607 205
134 1572 274 1607 concussae
287 1563 382 1616 cautes,
398 1565 424 1605 et
436 1565 512 1606 scuto
525 1558 552 1604 in
566 1557 663 1606 murice
676 1558 741 1606 remi

134 1646 223 1695 obnixi
237 1660 366 1708 crepuere,
381 1645 510 1708 inlisaque
522 1660 600 1707 prora
612 1645 746 1708 pependit.

134 1740 294 1796 consurgunt
306 1740 401 1783 nautae
414 1740 439 1782 et
451 1748 546 1794 magno
560 1734 674 1782 clamore
687 1744 827 1785 morantur

134 1824 292 1886 ferratasque
304 1822 390 1870 trudes
403 1828 429 1869 et
441 1829 516 1868 acuta
529 1821 634 1884 cuspide
648 1828 740 1870 contos
787 1849 791 1854 -

134 1912 274 1976 expediunt
285 1911 432 1974 frectosque
444 1911 535 1972 legunt
546 1910 573 1957 in
586 1910 688 1971 gurgite
700 1925 797 1960 remos.

61 2007 114 2050 210
134 2009 161 2051 et
172 2002 255 2050 lectus
268 2000 417 2049 Mnestheus
430 2013 602 2061 successuque
615 1999 699 2046 acrior
712 1999 770 2062 ipso

133 2091 237 2154 agmine
249 2103 380 2138 remorum
393 2088 469 2136 celeri
482 2087 616 2149 ventisque
628 2087 725 2134 vocetis

134 2165 217 2243 proria
229 2178 294 2242 petit
305 2177 389 2226 merie
401 2183 426 2225 et
438 2177 532 2239 pelago
546 2175 658 2224 decurrit
671 2183 771 2237 aperto.

134 2269 220 2333 qualis
231 2268 356 2331 spelunca
367 2266 453 2314 subito
467 2271 596 2312 commota
609 2263 739 2322 columba,

135 2358 176 2405 cui
189 2359 281 2407 domus
294 2362 320 2404 et
332 2356 420 2413 dulces
432 2353 562 2402 latebroso
575 2353 603 2399 iu
615 2352 717 2416 pumice
730 2352 796 2412 nidi,

62 2451 115 2496 215
135 2445 214 2494 fertur
225 2447 253 2494 in
266 2460 327 2494 srva
338 2445 428 2493 volans
440 2443 612 2505 plausumque
625 2440 746 2489 exterrita
758 2441 843 2504 pinnis

135 2535 180 2585 dat
191 2542 259 2585 tecto
271 2534 412 2597 ingentem,
427 2545 489 2580 mox
502 2545 561 2580 aere
573 2531 647 2592 lapse
660 2529 748 2592 quieto

122 2625 258 2677 rusticiter
266 2623 417 2693 liquidum,
439 2621 533 2674 celeris
545 2633 634 2684 neque
646 2623 794 2666 commoret
803 2618 843 2662 axe
