1808 2956
297 193 322 229 P.
340 190 461 229 VDRGlLl
481 189 611 228 Mlucius

128 349 239 412 pignora
252 363 312 395 cara
325 347 379 394 sui:
402 361 468 409 quae
481 361 550 394 nunc
564 361 611 408 ego
626 346 715 395 limine
728 347 756 395 in
769 348 833 410 ipso,

128 444 204 494 terra,
220 436 265 483 tibi
279 436 390 494 mand03
405 435 499 483 debent
511 435 574 483 haec
588 436 698 497 pignora
709 435 847 498 Daphnim.

164 526 248 573 ducite
266 525 298 572 ab
318 524 380 572 urbe
400 525 519 582 domum,
542 538 600 571 mea
617 524 747 583 carmina,
770 525 849 573 ducite

428 612 569 675 Daphnim.

76 707 108 750 95
129 703 176 750 has
189 703 280 751 herbas
293 709 370 765 atque
383 701 448 750 hacc
461 702 545 749 Ponto
558 700 622 748 mihi
635 701 702 748 lecta
714 714 814 749 venena

128 793 183 854 ipse
197 792 267 840 dedit
278 790 373 839 Moeris
388 789 540 852 (nascuntur
552 788 664 850 plurima
677 789 783 851 Ponto),

128 880 168 927 his
182 895 229 941 ego
243 893 319 941 saepe
334 878 424 940 lupum
436 878 491 926 fieri
505 885 569 925 etse
584 877 694 925 condere
708 877 778 924 silvis

128 969 246 1026 Moerim,
262 982 338 1028 saepe
351 967 450 1014 animas
464 966 521 1013 imis
535 966 619 1014 excire
632 966 776 1028 sepulchris

130 1064 206 1118 atquc
220 1062 287 1103 satas
301 1055 353 1102 alio
367 1054 417 1101 vidi
431 1055 564 1102 traducere
577 1056 675 1102 messis.

62 1151 110 1193 100
165 1145 250 1192 ducite
268 1143 299 1191 ab
319 1142 381 1190 urbe
400 1143 520 1201 domum,
543 1158 601 1191 mea
618 1143 748 1202 carmina,
771 1143 852 1191 ducite

428 1231 571 1294 Daphnim.

130 1322 287 1380 semineces,
304 1321 440 1383 Amarylli,
456 1321 524 1368 foras
538 1320 643 1382 rivoque
656 1319 743 1367 fluenti

129 1417 250 1473 transque
276 1417 353 1473 caput
377 1410 447 1469 iace,
475 1423 522 1457 nec
547 1407 697 1471 respexeris.
742 1407 782 1456 his
807 1422 852 1470 ego

430 1496 562 1560 Daphnim

131 1588 282 1648 adgrediar3
303 1587 368 1635 nihil
381 1587 425 1634 ille
439 1587 509 1644 deos,
525 1585 560 1632 nil
576 1585 690 1631 carmina
703 1593 784 1632 curat.

166 1676 251 1724 ducite
268 1676 300 1724 ab
320 1676 382 1723 urbe
402 1675 521 1730 domum,
543 1687 601 1720 mea
620 1673 749 1731 carmina,
773 1674 854 1722 ducite

431 1762 571 1824 Daphnim.

63 1860 110 1903 105
131 1853 226 1917 aspice,
243 1853 367 1914 corripuit
379 1850 494 1898 tremulis
508 1850 600 1896 altaria
612 1848 721 1896 flammis

132 1949 289 2006 spontem,
304 1940 365 1987 dum
377 1938 441 1985 ferre
453 1950 549 1994 moror,
563 1935 697 1994 cinisipse.
708 1931 807 1983 bonum
815 1937 853 1985 sin

133 2031 274 2086 credimus,
294 2041 327 2074 an
345 2024 389 2087 qui
402 2028 491 2070 amant
502 2021 550 2083 ipsi
564 2020 611 2068 sibi
625 2019 726 2066 somnia
739 2021 855 2084 lingunt?

132 2118 219 2167 nescio
232 2115 294 2178 quid
309 2119 376 2180 certe
388 2116 441 2159 est:
457 2115 483 2157 et
495 2108 580 2171 Hylax
592 2109 619 2155 in
632 2107 720 2157 limine
733 2110 819 2160 latrat.

58 2226 60 2231 ·
132 2205 243 2271 parcite,
270 2201 302 2250 ab
327 2199 391 2248 urbe
414 2198 497 2257 venit,
523 2197 575 2245 iam
594 2197 703 2260 parcite,
732 2202 845 2249 carmina

432 2288 558 2350 Daphnis.

382 2513 536 2522 -ffl
