1808 2956
287 178 435 220 annmnos
455 181 543 220 arnna
559 182 578 221 1.
772 173 829 220 133

102 335 237 398 extemplo
252 334 355 384 Aeneae
368 337 501 384 solventur
513 337 609 399 frigore
621 339 751 399 membra;

102 423 213 486 ingemit
226 431 251 472 et
264 424 379 486 duplices
393 425 500 473 tendens
514 426 545 473 ad
560 427 644 474 sidera
656 429 755 489 palmas

103 513 168 561 talio
179 526 243 560 voce
256 512 341 571 refert,
354 503 380 560 ‘o
394 521 483 575 terque
497 521 638 576 quaterque
652 515 719 563 beati

56 603 83 649 95
103 601 163 664 quis
176 606 236 649 ante
249 615 295 648 ora
308 609 409 663 patrum
422 602 516 650 Troiae
530 603 576 649 sub
590 603 724 651 moenibus
738 605 796 652 altis

102 689 214 751 contigit
231 691 367 752 oppetere!
387 690 537 738 oDanaum
550 690 687 739 fortissime
700 693 782 752 gentis

101 777 218 839 Tydide!
240 792 313 825 mene
328 777 415 826 Iliacis
429 779 580 827 occumbere
594 780 690 842 campis

102 879 156 912 non
175 865 289 928 potuisse
307 874 402 928 triaque
420 867 533 914 animam
545 868 613 916 hane
626 868 757 916 effundere
770 869 831 917 dex-

401 954 456 1002 tra?

102 1055 192 1089 saevos
205 1042 249 1089 ubi
263 1042 394 1091 Aeacidae
407 1044 458 1091 telo
472 1045 538 1091 iacet
551 1042 660 1103 Hector,
682 1044 726 1092 ubi
740 1045 831 1106 ingens

56 1133 84 1177 00
103 1127 248 1191 Sarpedon,
265 1131 307 1179 ubi
322 1138 360 1178 tot
373 1129 467 1179 Simois
481 1138 598 1194 correpta
611 1132 657 1179 sub
671 1133 747 1179 undis

101 1225 176 1266 scuta
188 1218 270 1266 virum
283 1221 422 1281 galeasque
436 1227 461 1269 et
473 1220 549 1266 fortia
562 1234 671 1282 corpora
683 1213 779 1269 volvit'

138 1306 214 1354 Talia
226 1307 331 1354 iactanti
345 1307 455 1354 stridens
467 1307 599 1369 Aquilone
611 1309 726 1370 procella

103 1395 189 1444 velum
203 1395 309 1442 adversa
322 1395 380 1442 serit
392 1396 535 1458 fluctusque
549 1396 580 1442 ad
595 1396 680 1444 sidera
693 1397 768 1445 tollit.

103 1483 257 1545 franguntur
270 1484 341 1542 remi,
358 1490 412 1530 tum
425 1499 501 1546 prora
515 1485 604 1532 avertit
617 1492 641 1532 et
654 1485 729 1532 undis

56 1576 83 1619 ⁰5
104 1572 148 1619 dat
173 1572 254 1630 latus,
281 1572 423 1633 insequitur
448 1573 551 1620 cumulo
576 1580 728 1635 praeruptus
748 1588 830 1635 aquae

405 1675 488 1708 mons.

102 1749 129 1796 hi
143 1763 244 1796 summo
258 1751 283 1795 in
297 1749 374 1796 tluctu
388 1749 509 1811 pendent,
525 1749 564 1795 his
578 1749 648 1796 unda
661 1749 794 1797 dehiscens

102 1845 197 1884 terrem
209 1837 276 1885 inter
289 1838 380 1885 fluctus
394 1838 484 1900 aperit,
500 1837 561 1884 furit
575 1844 660 1884 aestus
674 1837 786 1884 herenis.

102 1926 148 1973 tris
161 1925 243 1974 Notus
257 1926 375 1988 abreptas
389 1926 415 1973 in
429 1940 492 1973 saxa
505 1926 612 1973 latentia
625 1932 728 1987 torquet

103 2013 180 2076 (saxa
193 2022 286 2062 vocant
298 2014 370 2073 Itali,
386 2015 476 2061 mediis
491 2028 557 2076 quae
569 2014 596 2060 in
609 2013 736 2072 fluct-ihus,
752 2014 828 2072 Aras,

56 2107 83 2149 lo
104 2102 209 2150 dorsum
222 2103 326 2150 inmane
338 2103 401 2149 mari
416 2102 538 2164 summo),
554 2102 598 2148 tris
611 2101 694 2149 Eurus
708 2102 739 2149 ab
754 2102 806 2149 alto

103 2191 130 2237 in
143 2189 229 2237 brevia
242 2198 267 2238 et
278 2191 353 2252 syrtis
367 2196 459 2251 urguet
471 2190 628 2250 (miserabile
641 2190 707 2253 visu)

102 2277 241 2340 inliditque
255 2279 325 2326 vadis
339 2285 416 2340 atque
430 2292 523 2338 aggere
537 2278 616 2338 cingit
629 2278 750 2326 harenae.

102 2381 191 2423 unam,
208 2381 273 2428 quae
287 2367 379 2428 Lycios
393 2366 524 2428 fidumque
537 2365 646 2413 vehebat
659 2367 783 2423 Oronten,

103 2454 185 2516 ipsius
200 2462 259 2502 ante
272 2456 360 2502 oculos
374 2456 465 2516 ingens
479 2469 494 2501 a
506 2453 600 2501 vertice
612 2461 706 2515 pontus

56 2547 83 2590 15
104 2543 131 2588 in
144 2543 252 2603 puppim
265 2543 337 2590 ferit:
359 2543 488 2592 excutitur
500 2557 659 2608 pronusque
669 2542 802 2603 magistet

99 2628 206 2674 volutor
214 2629 242 2675 r'n
257 2640 345 2692 eaput,
361 2643 403 2684 ast
416 2636 498 2688 illam
511 2644 553 2688 ter
567 2636 672 2686 linctus
682 2631 797 2683 ibidem
