1808 2956
271 184 419 226 Annarnos
444 185 531 226 Llssaa
547 187 578 228 X.
765 180 824 228 417

100 355 181 389 nosne
195 341 240 389 tibi
254 342 335 390 fluxas
348 343 475 405 Phrygiae
487 358 527 392 res
540 351 637 394 vertere
650 345 730 393 fundo

102 430 245 477 conamur?
265 431 330 479 nos?
349 447 382 478 an
396 431 502 480 miseros
517 433 560 494 qui
573 433 656 481 Troas
669 434 774 483 Achivis

52 523 81 567 30
101 518 213 567 obiecit?
233 533 299 581 quae
312 534 390 568 eausa
402 519 451 567 fuit
464 535 617 582 consurgere
630 522 656 569 in
670 536 742 570 arma

100 607 284 670 Europamque
296 608 439 670 Asiamque
451 616 476 656 et
488 609 593 657 foedera
605 610 703 658 solvere
716 610 800 658 furto?

100 711 141 744 me
154 696 219 744 duce
232 696 380 745 Dardanius
394 695 513 759 Spartam
527 699 685 759 expugnavit
698 700 799 748 adulter

101 792 145 832 aut
158 799 206 847 ego
220 785 273 833 tela
285 785 344 833 dedi
358 785 439 834 fovive
453 784 581 849 Cupidine
594 787 682 835 bella?

100 880 154 920 tum
167 874 254 921 decuit
266 874 386 922 metuisse
399 874 463 922 tuis:
485 890 555 923 nunc
567 889 625 924 sera
638 876 758 938 querellis

52 965 79 1008 35
100 961 169 1008 haud
183 962 255 1009 iustis
269 962 387 1024 adsurgis
401 971 426 1011 et
438 963 517 1010 inrita
529 963 615 1025 iurgia
627 957 726 1012 iactas.'

138 1049 245 1097 Talibus
259 1050 349 1098 orabat
361 1051 436 1110 Iuno,
453 1052 590 1114 cunctique
603 1051 747 1100 fremebunt

102 1137 242 1186 caelicolae
255 1138 364 1186 adsensu
378 1140 457 1199 vanu,
474 1155 520 1189 ceu
533 1141 638 1189 flamina
651 1141 734 1203 prirna

102 1240 159 1273 eum
173 1227 299 1289 deprensa
310 1227 423 1276 fremunt
435 1229 505 1277 silvis
519 1236 544 1277 et
557 1245 634 1278 caeca
646 1231 764 1278 volutant

100 1330 240 1374 murmura,
256 1322 375 1364 venturos
389 1318 473 1365 nautis
487 1318 624 1380 prodentia
636 1326 732 1366 ventos.

52 1410 80 1452 >0
101 1412 154 1452 tum
168 1413 241 1467 pater
254 1405 427 1467 omnipotens,
444 1421 528 1454 reruni
542 1407 582 1454 cui
595 1407 679 1468 prima
691 1412 813 1468 potestas,

100 1493 171 1540 infit:
194 1508 224 1541 eo
239 1493 340 1541 dicente
354 1492 431 1540 deum
445 1493 535 1540 domus
549 1495 601 1541 alta
614 1494 719 1552 silescit,

100 1588 125 1627 et
138 1580 287 1628 tremefacta
300 1581 356 1628 solo
371 1582 456 1640 tellus,
472 1581 531 1629 silet
544 1582 637 1629 arduos
652 1582 748 1640 aether,

101 1674 155 1714 turn
169 1666 272 1728 zephyri
285 1682 403 1729 posuere,
419 1669 512 1730 premit
524 1669 628 1730 placida
641 1683 755 1731 aequora
765 1683 828 1732 pon-

401 1761 450 1803 tus.

98 1832 217 1903 ‘accipite
235 1857 296 1904 ergo
315 1843 408 1891 animis
427 1850 503 1905 atque
516 1842 581 1890 haec
594 1858 651 1891 mea
664 1843 734 1904 figite
748 1844 825 1892 dieta.

52 1937 78 1980 J5
100 1931 311 1994 quandoquidem
323 1932 455 1980 Ausonios
470 1930 592 1992 coniungi
605 1931 709 1979 foedere
722 1931 828 1980 Teucris

100 2020 170 2068 haud
184 2019 283 2068 licitum
296 2035 344 2069 nec
357 2028 441 2069 vestra
454 2020 523 2083 capit
536 2019 665 2068 discordia
678 2020 763 2078 finem,

100 2123 166 2171 quae
180 2108 272 2171 cuique
286 2116 324 2157 est
336 2109 440 2158 fortuna
452 2109 538 2168 hodie,
554 2124 632 2171 quarn
643 2108 829 2172 quisquesecat

399 2213 480 2260 spem,
501 2233 506 2240 .

99 2285 165 2333 Tros
179 2285 319 2335 Rutulusne
331 2285 395 2344 fuat,
412 2287 484 2334 nullo
498 2286 644 2336 discrimine
657 2287 768 2346 habebo,

100 2388 145 2421 seu
158 2374 217 2422 fatis
230 2375 324 2422 Italum
338 2382 422 2423 eastra
435 2374 570 2423 obsidione
584 2384 703 2425 tenentur

52 2468 80 2509 lo
100 2461 152 2510 sive
165 2477 250 2510 errore
264 2464 333 2511 malo
347 2463 442 2511 Troiae
454 2463 610 2526 monitisque
624 2465 742 2513 sinistris.

100 2564 147 2597 nec
160 2549 268 2598 Rutulos
282 2551 363 2598 solvo.
391 2566 437 2599 sua
450 2551 542 2614 cuique
557 2567 652 2600 exorsa
662 2553 788 2600 lahorem

98 2637 279 2703 fortunamque
292 2640 386 2692 ferent.
414 2657 464 2693 rex
474 2641 600 2708 luppiter
615 2632 851 2687 omnious'xom-

74 2719 194 2773 l‘erffiliua'.
665 2717 707 2764 Ἣ
