1808 2956
300 120 325 159 P.
343 120 465 159 VERGILI
485 118 617 159 MARONIS

130 276 187 323 avia
200 284 254 324 tum
267 284 389 325 resonant
401 277 490 325 avibus
504 277 614 340 virgulta
627 280 731 327 canoris

130 372 155 412 et
167 365 295 413 Venerem
309 367 384 414 certis
397 373 515 429 repetunt
528 375 646 415 armenta
658 367 758 427 diebus,

56 459 109 501 330
129 455 239 516 parturit
251 455 334 503 almus
348 469 409 516 ager
422 455 577 518 zephyrique
590 456 736 518 tepentibus
750 457 815 505 auris

129 544 218 591 laxant
231 558 291 591 arva
304 544 384 602 sinus,
400 551 504 606 superat
517 552 589 592 tener
602 545 723 593 omnibus
737 559 817 601 umor,

128 633 208 695 inque
220 647 301 681 novos
314 633 381 681 soles
395 633 492 681 audent
504 648 531 681 se
544 633 662 694 germina
674 642 731 682 tuto

129 723 240 781 credere,
256 737 303 770 nee
316 722 407 770 metuit
419 729 552 783 surgentes
565 723 703 784 pampinus
717 731 814 772 austros

129 820 172 858 aut
186 821 272 861 aetum
285 811 357 859 caelo
371 811 472 872 magnis
486 811 652 873 aquilonibus
666 812 783 872 imbrem,

55 904 107 946 335
128 901 172 947 sed
186 901 266 947 trudit
278 913 393 961 gemmas
407 906 432 947 et
444 899 547 948 frondes
560 901 674 963 explieat
686 916 785 950 omnes.

128 1002 180 1035 non
194 988 259 1036 alios
272 989 356 1051 prima
369 989 506 1036 crescentis
519 989 619 1051 origine
632 991 722 1037 mundi

126 1076 251 1124 inluxisse
264 1077 319 1125 dies
332 1077 443 1125 aliumve
456 1077 577 1126 habuisse
590 1085 707 1126 tenorem

128 1166 296 1223 crediderim
317 1180 360 1214 ver
373 1167 437 1214 illud
452 1174 514 1225 erat,
530 1181 573 1214 ver
585 1181 695 1228 magnus
710 1168 803 1229 agebat

128 1256 196 1303 orbis
210 1262 235 1303 et
247 1254 361 1303 hibernis
374 1255 515 1316 parcebant
527 1255 628 1303 flatibus
642 1257 706 1314 euri,

54 1351 107 1393 340
127 1360 185 1393 curn
198 1345 295 1406 primae
309 1345 393 1391 lucem
406 1344 517 1406 pecudes
530 1345 639 1393 hausere
652 1346 787 1408 virumque

126 1441 209 1482 terrea
222 1433 358 1495 progenies
372 1433 442 1480 duris
456 1440 533 1495 caput
546 1432 639 1481 extulit
652 1434 718 1481 arvis

126 1522 298 1584 inmissaeque
311 1521 380 1569 ferae
393 1522 462 1570 silvis
476 1530 501 1570 et
514 1523 599 1570 sidera
612 1524 695 1570 eaelo.

126 1626 174 1661 nec
187 1626 226 1659 res
240 1611 309 1659 huno
322 1619 425 1659 tenerae
438 1618 543 1674 possent
555 1611 667 1674 perferre
680 1611 806 1669 laborem,

126 1702 147 1749 si
161 1716 213 1748 non
228 1708 300 1748 tanta
314 1701 386 1763 quies
399 1700 448 1748 iret
460 1700 592 1762 frigusque
606 1701 773 1764 caloremque

52 1797 105 1840 345
125 1791 191 1839 inter
204 1798 228 1838 ot
241 1790 371 1852 exciperet
386 1790 451 1838 oaeli
464 1789 627 1851 indulgentia
640 1797 729 1838 terras.

161 1879 237 1939 Quod
260 1886 389 1942 superest,
417 1892 595 1940 quaecumque
619 1892 720 1941 premes
745 1880 853 1943 virgulta

426 1981 472 2029 per
485 1981 570 2027 agros,

125 2072 217 2122 sparge
230 2057 291 2105 fimo
305 2056 394 2119 pingui
409 2062 434 2104 et
446 2056 528 2104 multa
540 2070 639 2103 memor
652 2057 742 2105 oeoule
755 2066 831 2117 terra,

125 2146 290 2210 autlupidem
297 2145 414 2193 bibulum
421 2153 466 2193 aut
472 2145 614 2207 squalentis
625 2144 714 2193 insede
727 2146 851 2195 conchas:

124 2237 191 2285 inter
203 2236 272 2285 enirn
285 2235 406 2283 labentur
419 2249 503 2297 aquae
516 2235 651 2296 tenuisque
665 2233 762 2283 subibit

53 2330 106 2374 350
125 2325 221 2374 halitus
234 2330 312 2386 atque
325 2324 426 2372 animos
440 2323 532 2371 tollent
545 2330 610 2369 sata.
644 2323 750 2386 iamque
762 2322 853 2389 reperti

124 2415 169 2478 qui
182 2428 247 2463 saxo
259 2428 337 2476 super
350 2420 427 2476 atque
439 2410 552 2474 ingentis
566 2412 680 2474 pondere
693 2420 775 2464 testae

123 2510 278 2566 arguerent:
300 2501 349 2551 hoc
363 2501 457 2550 effusos
471 2501 603 2549 munimen
617 2502 649 2548 ad
663 2500 768 2561 imbres,

93 2622 96 2627 -
123 2592 174 2643 hoe
186 2592 230 2640 nbi
244 2591 333 2640 hiulca
346 2590 387 2638 siti
401 2590 476 2638 findit
488 2590 559 2638 oanis
573 2590 676 2639 aestifer
688 2604 759 2639 arva.
