1808 2956
61 171 121 220 566
415 178 500 218 olma.

128 343 153 384 et
165 341 243 399 caput
254 335 350 384 inflexa
362 336 460 384 lentum
473 335 570 385 cervice
582 333 716 393 recumbit,

56 429 106 472 450
125 438 270 472 marmorea
283 423 400 472 adductis
413 424 548 473 tabescunt
560 424 682 473 bracchia
696 423 784 472 nodis.

126 527 269 576 aequoreae
283 513 383 575 pristes,
398 512 513 560 inmania
527 527 635 575 corpora
648 513 732 574 ponti,

126 602 240 664 undique
253 602 410 650 conveniunt
423 610 447 649 et
459 602 552 663 glauco
566 601 593 648 in
605 601 708 661 gurgite
723 601 820 650 circum

126 691 228 738 verbere
242 691 383 738 caudarum
396 697 473 752 atque
487 690 538 737 oris
552 689 704 736 minitantur
718 689 801 738 hiatu.

126 780 179 827 iam
192 780 296 827 tandem
310 794 383 827 casus
398 779 545 836 hominum,
565 779 618 826 iam
631 778 740 840 respice,
755 779 820 826 Min(

56 872 106 916 455
126 868 158 915 sit
170 867 232 916 satis
245 867 304 927 hoc,
320 875 420 915 tantum
433 866 547 929 Scyllam
560 867 653 914 vidisse
666 867 814 928 malorum3

126 957 166 1004 vel
179 955 231 1003 sato
245 955 323 1004 fuerit
335 956 409 1004 nobis
423 955 487 1004 haec
501 955 587 1002 debita
600 955 687 1017 pestis,

125 1045 165 1093 vel
179 1059 239 1093 casu
252 1044 360 1103 incerto,
376 1044 468 1092 merita
479 1043 519 1092 vel
534 1044 645 1105 denique
659 1044 752 1106 culpa:

127 1133 215 1181 omnia
228 1148 288 1181 nam
301 1134 386 1195 potius
401 1148 479 1195 quam
492 1139 515 1180 te
529 1132 619 1180 secisse
632 1121 751 1194 putabo.⁸

161 1221 269 1269 Labitur
282 1221 380 1270 interea
393 1222 506 1269 resoluta
519 1221 550 1268 ab
564 1220 640 1268 litore
653 1220 753 1278 classis

56 1315 107 1358 460
127 1324 222 1371 magna
234 1311 368 1372 repentino
381 1311 517 1357 sinuantur
530 1309 610 1357 lintea
623 1323 694 1367 coro,

126 1398 235 1446 flectitur
248 1397 274 1445 in
287 1397 362 1444 viridi
375 1413 459 1444 remus
473 1398 536 1457 sale,
553 1397 676 1458 languida
690 1395 775 1446 fessae

126 1486 232 1548 virginis
246 1486 273 1533 in
287 1500 362 1534 cursu
375 1487 484 1542 moritur
498 1485 661 1547 querimonia
673 1485 765 1547 longo.

129 1575 223 1623 deserit
236 1573 352 1636 angustis
365 1572 494 1621 inclusum
507 1574 624 1622 faucibus
637 1573 767 1636 Isthmon,

128 1663 283 1726 Cypselidae
296 1663 384 1724 magui
398 1662 515 1710 florentia
528 1677 608 1723 regna
620 1661 749 1710 Corinthi.

57 1756 107 1800 465
128 1752 249 1814 praeterit
261 1750 382 1812 abruptas
397 1749 511 1798 Scironis
524 1751 640 1814 protinus
654 1766 727 1800 arces

127 1839 299 1902 infestumque
312 1839 364 1886 suis
379 1839 449 1887 dirae
463 1840 597 1887 testudinis
611 1840 665 1887 exit

128 1929 258 1990 spelaeum
272 1929 406 1989 multoque
419 1934 537 1976 cruentas
551 1928 651 1990 hospite
665 1936 762 1976 cautes.

128 2017 231 2078 iamque
245 2018 310 2064 adeo
324 2023 407 2063 tutum
420 2018 498 2077 longe
511 2015 619 2064 Piraeea
632 2017 721 2075 ceruit,

129 2112 154 2153 et
167 2112 241 2153 notas
255 2105 321 2153 eheu
334 2104 428 2152 frustra
441 2112 567 2167 respectat
579 2105 705 2153 Athenas.

58 2197 109 2243 470
128 2193 180 2240 iam
194 2194 283 2255 procu]
298 2207 311 2241 e
324 2193 402 2241 fluctu
416 2192 560 2241 Salaminia
573 2194 679 2256 suspicit
692 2209 754 2242 arva

129 2283 300 2344 florentesque
312 2282 382 2330 videt
393 2282 446 2329 iam
460 2280 602 2344 Cycladas:
624 2282 684 2329 hinc
698 2282 772 2330 sinus
786 2284 820 2332 illi

129 2368 234 2428 Sunius,
251 2370 310 2418 hinc
324 2371 400 2418 statio
415 2377 505 2418 contra
517 2377 587 2433 patet
599 2370 767 2420 Hermiones.

129 2459 255 2521 linquitur
267 2467 325 2506 ante
340 2459 404 2506 alias
417 2459 495 2520 longe
510 2459 655 2520 gratissima
668 2459 751 2507 Delos
811 2507 818 2516 ,

128 2546 266 2596 Nereidum
280 2547 355 2594 matri
369 2554 395 2594 et
406 2546 526 2609 Neptuno
539 2550 654 2609 Aegaeo.

59 2638 109 2684 475
131 2635 255 2699 prospicit
267 2635 408 2684 incinctam
420 2636 550 2698 spumanti
564 2636 639 2684 litora
653 2633 777 2699 Cythnon
