1808 2956
287 183 435 224 nanninus
456 185 545 225 arnna
561 188 601 226 iv.
772 178 840 226 241

116 354 235 402 quaeque
260 340 331 388 lacus
361 340 412 389 late
441 341 568 403 liquidos,
602 357 720 406 quaeque
752 359 845 407 aspera

417 429 501 476 dumis
675 424 679 434 '

114 522 284 574 ruretenent,
299 530 391 564 somno
403 517 504 579 positae
517 516 563 564 snb
577 525 652 566 nocte
665 518 750 567 silenti

115 603 244 667 [lenibant
257 619 339 662 curas,
356 611 381 651 et
393 605 472 652 eorda
486 603 568 652 oblita
580 605 721 670 laborum}
796 640 804 656 t

113 699 141 740 at
153 707 205 740 non
218 693 309 741 infelix
322 692 402 740 animi
415 691 566 751 Phoenissa,
582 707 630 742 nec
642 709 767 757 umquam

51 786 93 830 »30
113 781 221 830 solvitur
234 781 260 829 iu
273 795 378 828 somnos
393 780 506 828 oculisve
519 788 563 828 aut
575 788 679 843 pectore
692 788 794 832 noctem

113 870 222 932 accipit:
244 869 406 930 ingeminant
419 883 504 928 curae,
519 884 660 932 rursusque
672 885 808 933 resurgens

113 959 194 1006 saevit
206 972 287 1016 amor,
302 971 450 1018 magnoque
463 957 561 1006 irarum
572 959 680 1006 fluctuat
692 966 772 1007 aestu.

113 1046 151 1094 sic
164 1046 229 1095 adeo
242 1045 338 1106 insistit
350 1059 489 1107 secumque
502 1045 539 1094 ita
552 1047 629 1095 corde
641 1047 748 1096 volutat.

108 1123 153 1182 ‘en
166 1133 228 1196 quid
242 1133 310 1196 ago?
329 1148 450 1181 rursusne
462 1148 555 1196 procos
568 1134 649 1182 inrisa
660 1135 758 1198 priores

52 1228 90 1272 ,35
111 1223 237 1285 experiar,
252 1218 451 1284 Nomadumque
463 1228 550 1284 petam
563 1223 675 1272 conubia
687 1226 805 1288 supplex,

110 1326 176 1374 quoa
189 1325 238 1373 ego
251 1311 299 1359 sim
312 1311 406 1359 totiens
418 1311 470 1358 iam
483 1310 623 1372 dedignata
635 1312 760 1361 maritos?

110 1399 204 1448 Iliacas
217 1399 296 1461 igitur
309 1399 404 1447 classes
418 1405 495 1461 atque
508 1399 600 1446 ultima
612 1399 742 1448 Teucrum

109 1488 179 1537 iussa
192 1487 302 1550 sequar?
323 1487 417 1549 quiana
431 1486 529 1535 auxilio
542 1487 612 1534 iuvat
625 1494 684 1537 ante
697 1488 794 1537 levatos

109 1583 135 1624 et
147 1576 212 1624 bene
225 1575 293 1637 apud
306 1589 432 1622 memores
445 1575 536 1622 veteris
549 1581 601 1622 stat
612 1575 696 1635 gratia
709 1575 788 1624 facti?

54 1669 88 1713 40
109 1664 221 1727 quisine
235 1670 334 1722 autem,
351 1663 391 1711 sac
404 1663 483 1724 velle,
499 1663 566 1711 sinet
578 1663 706 1710 ratibusve
719 1663 835 1726 superbis

108 1752 218 1800 invisam
231 1751 356 1814 accipiet?
375 1751 458 1799 nescis
472 1751 531 1809 heu,
548 1750 658 1812 perdita,
673 1751 783 1798 necdum

106 1839 318 1888 Laomedonteae
331 1839 410 1888 sentis
422 1839 536 1902 periuria
548 1837 650 1900 gentis?

108 1929 170 1991 quid
185 1928 256 1976 tum?
275 1929 332 1976 sola
344 1928 407 1989 fuga
419 1934 511 1974 nautas
525 1925 669 1974 comitabor
681 1927 798 1975 ovantis?

107 2031 140 2063 an
153 2016 237 2078 Tyriis
251 2016 373 2079 omnique
386 2029 464 2062 manu
478 2015 573 2077 stipata
585 2027 701 2062 meorum

53 2110 85 2153 45
106 2104 203 2153 inserar
216 2110 240 2152 et
253 2118 318 2166 quos
331 2101 441 2152 Sidonia
453 2103 496 2149 vix
508 2101 571 2150 urbe
583 2101 681 2160 revelli,

106 2207 193 2240 rursus
207 2205 284 2253 agam
297 2191 391 2253 pelago
404 2196 429 2238 et
441 2191 522 2238 ventis
536 2191 597 2238 dare
609 2190 666 2238 vela
678 2189 791 2237 iubebo?

107 2281 169 2343 quin
176 2294 285 2337 morere,
301 2279 469 2337 utmeritaes,
486 2277 830 2340 ferroqueavertedolorem.

105 2375 133 2417 tn
146 2368 260 2418 lacrimis
273 2367 355 2415 evicta
367 2367 440 2425 meis,
456 2372 484 2423 tu
496 2366 581 2429 prima
594 2365 720 2414 furentem

105 2456 155 2514 his,
170 2470 303 2517 germana,
319 2455 393 2502 malis
407 2469 499 2502 oneras
514 2461 591 2517 atque
604 2453 685 2501 obicis
698 2445 774 2500 hosti.

53 2546 86 2592 50
106 2558 159 2591 non
172 2544 246 2592 licuit
258 2543 366 2591 thalami
380 2549 518 2609 expertem
528 2542 588 2592 siue
600 2539 715 2590 crimme
723 2537 816 2580 uitam

98 2631 200 2691 degere,
216 2647 290 2683 more
304 2633 387 2698 ferae,
402 2636 469 2686 talis
480 2649 539 2685 uec
549 2641 671 2692 tangere
684 2631 785 2671 curas·-

71 2709 194 2765 VcrgiIIns.
677 2703 722 2751 lii
