<?xml version="1.0" encoding="UTF-8"?>
<!DOCTYPE html PUBLIC "-//W3C//DTD XHTML 1.0 Transitional//EN"
    "http://www.w3.org/TR/xhtml1/DTD/xhtml1-transitional.dtd">
<html xmlns="http://www.w3.org/1999/xhtml" xml:lang="en" lang="en">
 <head>
  <title>
</title>
<meta http-equiv="Content-Type" content="text/html;charset=utf-8" />
  <meta name='ocr-system' content='tesseract 3.04.00' />
  <meta name='ocr-capabilities' content='ocr_page ocr_carea ocr_par ocr_line ocrx_word'/>
</head>
<body>
  <div class='ocr_page' id='page_1' title='image "./pvergiliusmaro00virggoog/pvergiliusmaro00virggoog_0492.png"; bbox 0 0 1808 2956; ppageno 0'>
   <div class='ocr_carea' id='block_1_1' title="bbox 267 180 826 229">
    <p class='ocr_par' dir='ltr' id='par_1_1' title="bbox 267 180 826 229">
     <span class='ocr_line' id='line_1_1' title="bbox 267 180 826 229; baseline 0.002 -2"><span class='ocrx_word' id='word_1_1' title='bbox 267 188 414 228; x_wconf 79' lang='lat' dir='ltr'>AENEIDOS</span> <span class='ocrx_word' id='word_1_2' title='bbox 439 189 526 228; x_wconf 79' lang='lat' dir='ltr'>LlBaa</span> <span class='ocrx_word' id='word_1_3' title='bbox 542 190 597 229; x_wconf 81' lang='grc' dir='ltr'>ΧΠ.</span> <span class='ocrx_word' id='word_1_4' title='bbox 768 180 826 228; x_wconf 82' lang='grc'>497</span> 
     </span>
    </p>
   </div>
   <div class='ocr_carea' id='block_1_2' title="bbox 49 344 829 2611">
    <p class='ocr_par' dir='ltr' id='par_1_2' title="bbox 101 344 819 497">
     <span class='ocr_line' id='line_1_2' title="bbox 102 344 819 408; baseline 0.001 -15"><span class='ocrx_word' id='word_1_5' title='bbox 102 345 129 393; x_wconf 91' lang='lat' dir='ltr'>in</span> <span class='ocrx_word' id='word_1_6' title='bbox 143 351 221 408; x_wconf 88' lang='lat' dir='ltr'>caput</span> <span class='ocrx_word' id='word_1_7' title='bbox 232 346 312 408; x_wconf 89' lang='lat' dir='ltr'>inque</span> <span class='ocrx_word' id='word_1_8' title='bbox 324 360 435 394; x_wconf 87' lang='lat' dir='ltr'>umeros.</span> <span class='ocrx_word' id='word_1_9' title='bbox 464 352 491 393; x_wconf 84' lang='lat' dir='ltr'>at</span> <span class='ocrx_word' id='word_1_10' title='bbox 503 344 614 394; x_wconf 88' lang='lat' dir='ltr'>fervidus</span> <span class='ocrx_word' id='word_1_11' title='bbox 627 345 732 394; x_wconf 85' lang='lat' dir='ltr'>advolat</span> <span class='ocrx_word' id='word_1_12' title='bbox 744 345 819 394; x_wconf 82' lang='lat' dir='ltr'>hasta</span> 
     </span>
     <span class='ocr_line' id='line_1_3' title="bbox 101 433 682 497; baseline -0.003 -14"><span class='ocrx_word' id='word_1_13' title='bbox 101 435 235 497; x_wconf 80' lang='lat' dir='ltr'>Messapus</span> <span class='ocrx_word' id='word_1_14' title='bbox 248 435 352 496; x_wconf 87' lang='lat' dir='ltr'>teloque</span> <span class='ocrx_word' id='word_1_15' title='bbox 366 441 482 482; x_wconf 88' lang='lat' dir='ltr'>orantem</span> <span class='ocrx_word' id='word_1_16' title='bbox 495 434 577 481; x_wconf 84' lang='lat' dir='ltr'>multa</span> <span class='ocrx_word' id='word_1_17' title='bbox 589 433 682 481; x_wconf 79' lang='lat' dir='ltr'><strong>trabali</strong></span> 
     </span>
    </p>

    <p class='ocr_par' dir='ltr' id='par_1_3' title="bbox 50 521 829 938">
     <span class='ocr_line' id='line_1_4' title="bbox 50 521 793 585; baseline -0.007 -12"><span class='ocrx_word' id='word_1_18' title='bbox 50 529 80 573; x_wconf 77' lang='lat'>95</span> <span class='ocrx_word' id='word_1_19' title='bbox 102 523 212 585; x_wconf 84' lang='lat' dir='ltr'>desuper</span> <span class='ocrx_word' id='word_1_20' title='bbox 224 524 290 571; x_wconf 80' lang='lat' dir='ltr'>alna</span> <span class='ocrx_word' id='word_1_21' title='bbox 304 537 370 584; x_wconf 90' lang='lat' dir='ltr'>equo</span> <span class='ocrx_word' id='word_1_22' title='bbox 384 523 495 584; x_wconf 82' lang='lat' dir='ltr'>graviter</span> <span class='ocrx_word' id='word_1_23' title='bbox 507 521 566 570; x_wconf 84' lang='lat' dir='ltr'>ferit</span> <span class='ocrx_word' id='word_1_24' title='bbox 578 529 656 584; x_wconf 90' lang='lat' dir='ltr'>atque</span> <span class='ocrx_word' id='word_1_25' title='bbox 668 522 705 568; x_wconf 86' lang='lat' dir='ltr'>ita</span> <span class='ocrx_word' id='word_1_26' title='bbox 717 521 793 580; x_wconf 84' lang='lat' dir='ltr'>fatur,</span> 
     </span>
     <span class='ocr_line' id='line_1_5' title="bbox 100 602 829 671; baseline -0.005 -11"><span class='ocrx_word' id='word_1_27' title='bbox 100 612 159 660; x_wconf 88' lang='lat' dir='ltr'>‘hoc</span> <span class='ocrx_word' id='word_1_28' title='bbox 172 611 258 670; x_wconf 86' lang='lat' dir='ltr'>habet,</span> <span class='ocrx_word' id='word_1_29' title='bbox 274 611 338 660; x_wconf 90' lang='lat' dir='ltr'>haec</span> <span class='ocrx_word' id='word_1_30' title='bbox 351 611 443 659; x_wconf 86' lang='lat' dir='ltr'>melior</span> <span class='ocrx_word' id='word_1_31' title='bbox 454 610 555 671; x_wconf 85' lang='lat' dir='ltr'>magnis</span> <span class='ocrx_word' id='word_1_32' title='bbox 568 602 829 658; x_wconf 86' lang='lat' dir='ltr'>datsvictimadivis.&#39;</span> 
     </span>
     <span class='ocr_line' id='line_1_6' title="bbox 102 698 767 761; baseline -0.003 -14"><span class='ocrx_word' id='word_1_33' title='bbox 102 706 258 747; x_wconf 87' lang='lat' dir='ltr'>concurrunt</span> <span class='ocrx_word' id='word_1_34' title='bbox 270 699 328 747; x_wconf 83' lang='lat' dir='ltr'>Itali</span> <span class='ocrx_word' id='word_1_35' title='bbox 342 699 507 761; x_wconf 80' lang='lat' dir='ltr'>spoliantque</span> <span class='ocrx_word' id='word_1_36' title='bbox 520 698 631 746; x_wconf 87' lang='lat' dir='ltr'>calentia</span> <span class='ocrx_word' id='word_1_37' title='bbox 643 698 767 746; x_wconf 88' lang='lat' dir='ltr'>membra.</span> 
     </span>
     <span class='ocr_line' id='line_1_7' title="bbox 102 785 725 848; baseline -0.005 -13"><span class='ocrx_word' id='word_1_38' title='bbox 102 787 191 835; x_wconf 91' lang='lat' dir='ltr'>obvius</span> <span class='ocrx_word' id='word_1_39' title='bbox 205 787 350 835; x_wconf 89' lang='lat' dir='ltr'>ambustum</span> <span class='ocrx_word' id='word_1_40' title='bbox 363 795 458 836; x_wconf 87' lang='lat' dir='ltr'>torrem</span> <span class='ocrx_word' id='word_1_41' title='bbox 472 785 620 848; x_wconf 81' lang='lat' dir='ltr'>Corynaeus</span> <span class='ocrx_word' id='word_1_42' title='bbox 633 787 665 834; x_wconf 86' lang='lat' dir='ltr'>ab</span> <span class='ocrx_word' id='word_1_43' title='bbox 680 801 725 833; x_wconf 86' lang='lat' dir='ltr'>ara</span> 
     </span>
     <span class='ocr_line' id='line_1_8' title="bbox 102 874 741 938; baseline -0.003 -15"><span class='ocrx_word' id='word_1_44' title='bbox 102 875 208 938; x_wconf 82' lang='lat' dir='ltr'><strong>corripit</strong></span> <span class='ocrx_word' id='word_1_45' title='bbox 221 882 247 924; x_wconf 92' lang='lat' dir='ltr'>et</span> <span class='ocrx_word' id='word_1_46' title='bbox 258 876 370 924; x_wconf 90' lang='lat' dir='ltr'>venienti</span> <span class='ocrx_word' id='word_1_47' title='bbox 383 876 468 938; x_wconf 83' lang='lat' dir='ltr'>Ebyso</span> <span class='ocrx_word' id='word_1_48' title='bbox 483 875 639 938; x_wconf 79' lang='lat' dir='ltr'>plagamque</span> <span class='ocrx_word' id='word_1_49' title='bbox 651 874 741 923; x_wconf 83' lang='lat' dir='ltr'>ferenti</span> 
     </span>
    </p>

    <p class='ocr_par' dir='ltr' id='par_1_4' title="bbox 50 952 783 1380">
     <span class='ocr_line' id='line_1_9' title="bbox 50 952 764 1026; baseline -0.004 -14"><span class='ocrx_word' id='word_1_50' title='bbox 50 952 82 1012; x_wconf 84' lang='lat' dir='ltr'>od</span> <span class='ocrx_word' id='word_1_51' title='bbox 102 971 212 1026; x_wconf 87' lang='lat' dir='ltr'>occupat</span> <span class='ocrx_word' id='word_1_52' title='bbox 225 980 253 1013; x_wconf 93' lang='lat' dir='ltr'>os</span> <span class='ocrx_word' id='word_1_53' title='bbox 266 965 390 1013; x_wconf 87' lang='lat' dir='ltr'>flammis:</span> <span class='ocrx_word' id='word_1_54' title='bbox 413 964 458 1011; x_wconf 92' lang='lat' dir='ltr'>olli</span> <span class='ocrx_word' id='word_1_55' title='bbox 471 964 563 1024; x_wconf 82' lang='lat' dir='ltr'>ingens</span> <span class='ocrx_word' id='word_1_56' title='bbox 577 962 657 1010; x_wconf 84' lang='lat' dir='ltr'>barba</span> <span class='ocrx_word' id='word_1_57' title='bbox 670 962 764 1010; x_wconf 86' lang='lat' dir='ltr'>reluxit</span> 
     </span>
     <span class='ocr_line' id='line_1_10' title="bbox 101 1051 776 1116; baseline -0.003 -16"><span class='ocrx_word' id='word_1_58' title='bbox 101 1053 269 1116; x_wconf 89' lang='lat' dir='ltr'>nidoremque</span> <span class='ocrx_word' id='word_1_59' title='bbox 282 1054 399 1101; x_wconf 85' lang='lat' dir='ltr'>ambusta</span> <span class='ocrx_word' id='word_1_60' title='bbox 412 1052 497 1111; x_wconf 80' lang='lat' dir='ltr'>dedit3</span> <span class='ocrx_word' id='word_1_61' title='bbox 518 1065 595 1114; x_wconf 85' lang='lat' dir='ltr'>super</span> <span class='ocrx_word' id='word_1_62' title='bbox 607 1051 661 1114; x_wconf 92' lang='lat' dir='ltr'>ipse</span> <span class='ocrx_word' id='word_1_63' title='bbox 675 1059 776 1100; x_wconf 84' lang='lat' dir='ltr'>secutus</span> 
     </span>
     <span class='ocr_line' id='line_1_11' title="bbox 102 1140 646 1203; baseline -0.004 -15"><span class='ocrx_word' id='word_1_64' title='bbox 102 1142 242 1190; x_wconf 87' lang='lat' dir='ltr'>caesariem</span> <span class='ocrx_word' id='word_1_65' title='bbox 255 1141 326 1189; x_wconf 85' lang='lat' dir='ltr'>laeva</span> <span class='ocrx_word' id='word_1_66' title='bbox 340 1140 433 1188; x_wconf 87' lang='lat' dir='ltr'>turbati</span> <span class='ocrx_word' id='word_1_67' title='bbox 448 1140 554 1203; x_wconf 79' lang='lat' dir='ltr'>corripit</span> <span class='ocrx_word' id='word_1_68' title='bbox 566 1140 646 1187; x_wconf 89' lang='lat' dir='ltr'>hostis</span> 
     </span>
     <span class='ocr_line' id='line_1_12' title="bbox 101 1216 783 1293; baseline -0.001 -17"><span class='ocrx_word' id='word_1_69' title='bbox 101 1230 269 1293; x_wconf 86' lang='lat' dir='ltr'>inpressoque</span> <span class='ocrx_word' id='word_1_70' title='bbox 281 1245 349 1291; x_wconf 84' lang='lat' dir='ltr'>genu</span> <span class='ocrx_word' id='word_1_71' title='bbox 363 1229 447 1276; x_wconf 91' lang='lat' dir='ltr'>nitens</span> <span class='ocrx_word' id='word_1_72' title='bbox 461 1237 542 1277; x_wconf 85' lang='lat' dir='ltr'>terrae</span> <span class='ocrx_word' id='word_1_73' title='bbox 555 1228 670 1291; x_wconf 86' lang='lat' dir='ltr'>adplicat</span> <span class='ocrx_word' id='word_1_74' title='bbox 682 1216 783 1291; x_wconf 79' lang='lat' dir='ltr'>ipsum;</span> 
     </span>
     <span class='ocr_line' id='line_1_13' title="bbox 101 1317 758 1380; baseline -0.003 -14"><span class='ocrx_word' id='word_1_75' title='bbox 101 1319 137 1366; x_wconf 90' lang='lat' dir='ltr'>sic</span> <span class='ocrx_word' id='word_1_76' title='bbox 151 1319 235 1380; x_wconf 88' lang='lat' dir='ltr'>rigido</span> <span class='ocrx_word' id='word_1_77' title='bbox 249 1319 315 1365; x_wconf 88' lang='lat' dir='ltr'>latus</span> <span class='ocrx_word' id='word_1_78' title='bbox 329 1332 389 1366; x_wconf 87' lang='lat' dir='ltr'>ense</span> <span class='ocrx_word' id='word_1_79' title='bbox 402 1317 468 1366; x_wconf 89' lang='lat' dir='ltr'>ferit.</span> <span class='ocrx_word' id='word_1_80' title='bbox 496 1317 643 1365; x_wconf 84' lang='lat' dir='ltr'>Podalirius</span> <span class='ocrx_word' id='word_1_81' title='bbox 656 1317 758 1374; x_wconf 87' lang='lat' dir='ltr'>Alsum,</span> 
     </span>
    </p>

    <p class='ocr_par' dir='ltr' id='par_1_5' title="bbox 50 1406 749 1820">
     <span class='ocr_line' id='line_1_14' title="bbox 50 1406 719 1469; baseline 0 -15"><span class='ocrx_word' id='word_1_82' title='bbox 50 1411 82 1454; x_wconf 83' lang='lat'>05</span> <span class='ocrx_word' id='word_1_83' title='bbox 103 1414 240 1468; x_wconf 83' lang='lat' dir='ltr'>pastorem,</span> <span class='ocrx_word' id='word_1_84' title='bbox 256 1407 390 1469; x_wconf 90' lang='lat' dir='ltr'>primaque</span> <span class='ocrx_word' id='word_1_85' title='bbox 403 1407 458 1455; x_wconf 89' lang='lat' dir='ltr'>acie</span> <span class='ocrx_word' id='word_1_86' title='bbox 472 1420 517 1468; x_wconf 89' lang='lat' dir='ltr'>per</span> <span class='ocrx_word' id='word_1_87' title='bbox 530 1406 583 1454; x_wconf 87' lang='lat' dir='ltr'>tela</span> <span class='ocrx_word' id='word_1_88' title='bbox 595 1411 719 1464; x_wconf 88' lang='lat' dir='ltr'>ruentem,</span> 
     </span>
     <span class='ocr_line' id='line_1_15' title="bbox 102 1493 749 1557; baseline 0 -17"><span class='ocrx_word' id='word_1_89' title='bbox 102 1507 162 1541; x_wconf 90' lang='lat' dir='ltr'>ense</span> <span class='ocrx_word' id='word_1_90' title='bbox 175 1508 284 1556; x_wconf 86' lang='lat' dir='ltr'>sequens</span> <span class='ocrx_word' id='word_1_91' title='bbox 298 1495 367 1541; x_wconf 90' lang='lat' dir='ltr'>nudo</span> <span class='ocrx_word' id='word_1_92' title='bbox 381 1495 589 1557; x_wconf 89' lang='lat' dir='ltr'>superimminet:</span> <span class='ocrx_word' id='word_1_93' title='bbox 610 1494 656 1542; x_wconf 91' lang='lat' dir='ltr'>ille</span> <span class='ocrx_word' id='word_1_94' title='bbox 668 1493 749 1542; x_wconf 86' lang='lat' dir='ltr'>securi</span> 
     </span>
     <span class='ocr_line' id='line_1_16' title="bbox 103 1580 748 1644; baseline 0 -16"><span class='ocrx_word' id='word_1_95' title='bbox 103 1581 203 1628; x_wconf 87' lang='lat' dir='ltr'>adversi</span> <span class='ocrx_word' id='word_1_96' title='bbox 216 1580 326 1629; x_wconf 88' lang='lat' dir='ltr'>frontem</span> <span class='ocrx_word' id='word_1_97' title='bbox 338 1583 450 1632; x_wconf 86' lang='lat' dir='ltr'>mediam</span> <span class='ocrx_word' id='word_1_98' title='bbox 463 1590 628 1644; x_wconf 90' lang='lat' dir='ltr'>mentumque</span> <span class='ocrx_word' id='word_1_99' title='bbox 642 1582 748 1630; x_wconf 89' lang='lat' dir='ltr'>reducta</span> 
     </span>
     <span class='ocr_line' id='line_1_17' title="bbox 103 1668 666 1731; baseline 0.002 -15"><span class='ocrx_word' id='word_1_100' title='bbox 103 1668 189 1716; x_wconf 83' lang='lat' dir='ltr'>disicit</span> <span class='ocrx_word' id='word_1_101' title='bbox 201 1674 226 1715; x_wconf 89' lang='lat' dir='ltr'>et</span> <span class='ocrx_word' id='word_1_102' title='bbox 238 1682 326 1729; x_wconf 90' lang='lat' dir='ltr'>sparso</span> <span class='ocrx_word' id='word_1_103' title='bbox 340 1670 391 1718; x_wconf 87' lang='lat' dir='ltr'>late</span> <span class='ocrx_word' id='word_1_104' title='bbox 404 1671 471 1731; x_wconf 85' lang='lat' dir='ltr'>rigat</span> <span class='ocrx_word' id='word_1_105' title='bbox 483 1686 555 1719; x_wconf 88' lang='lat' dir='ltr'>arma</span> <span class='ocrx_word' id='word_1_106' title='bbox 568 1685 666 1719; x_wconf 85' lang='lat' dir='ltr'>cruore.</span> 
     </span>
     <span class='ocr_line' id='line_1_18' title="bbox 102 1755 666 1820; baseline 0 -15"><span class='ocrx_word' id='word_1_107' title='bbox 102 1757 147 1805; x_wconf 93' lang='lat' dir='ltr'>olli</span> <span class='ocrx_word' id='word_1_108' title='bbox 162 1757 227 1803; x_wconf 90' lang='lat' dir='ltr'>dura</span> <span class='ocrx_word' id='word_1_109' title='bbox 239 1755 311 1818; x_wconf 90' lang='lat' dir='ltr'>quies</span> <span class='ocrx_word' id='word_1_110' title='bbox 325 1758 414 1805; x_wconf 89' lang='lat' dir='ltr'>oeulos</span> <span class='ocrx_word' id='word_1_111' title='bbox 427 1764 453 1805; x_wconf 90' lang='lat' dir='ltr'>et</span> <span class='ocrx_word' id='word_1_112' title='bbox 464 1756 559 1806; x_wconf 85' lang='lat' dir='ltr'>ferreus</span> <span class='ocrx_word' id='word_1_113' title='bbox 573 1763 666 1820; x_wconf 85' lang='lat' dir='ltr'>urguet</span> 
     </span>
    </p>

    <p class='ocr_par' dir='ltr' id='par_1_6' title="bbox 49 1845 807 1904">
     <span class='ocr_line' id='line_1_19' title="bbox 49 1845 807 1904; baseline -0.005 -8"><span class='ocrx_word' id='word_1_114' title='bbox 49 1853 81 1896; x_wconf 89' lang='lat'>10</span> <span class='ocrx_word' id='word_1_115' title='bbox 101 1859 216 1904; x_wconf 89' lang='lat' dir='ltr'>somnus,</span> <span class='ocrx_word' id='word_1_116' title='bbox 231 1845 258 1892; x_wconf 92' lang='lat' dir='ltr'>in</span> <span class='ocrx_word' id='word_1_117' title='bbox 272 1850 403 1892; x_wconf 89' lang='lat' dir='ltr'>aeternam</span> <span class='ocrx_word' id='word_1_118' title='bbox 416 1845 572 1894; x_wconf 88' lang='lat' dir='ltr'>clauduntur</span> <span class='ocrx_word' id='word_1_119' title='bbox 585 1847 684 1895; x_wconf 85' lang='lat' dir='ltr'>lumina</span> <span class='ocrx_word' id='word_1_120' title='bbox 696 1853 807 1894; x_wconf 87' lang='lat' dir='ltr'>noctem.</span> 
     </span>
    </p>

    <p class='ocr_par' dir='ltr' id='par_1_7' title="bbox 136 1933 758 1997">
     <span class='ocr_line' id='line_1_20' title="bbox 136 1933 758 1997; baseline 0 -15"><span class='ocrx_word' id='word_1_121' title='bbox 136 1935 173 1983; x_wconf 87' lang='lat' dir='ltr'>At</span> <span class='ocrx_word' id='word_1_122' title='bbox 185 1934 242 1997; x_wconf 90' lang='lat' dir='ltr'>pius</span> <span class='ocrx_word' id='word_1_123' title='bbox 256 1933 357 1981; x_wconf 85' lang='lat' dir='ltr'>Aeneas</span> <span class='ocrx_word' id='word_1_124' title='bbox 372 1933 487 1980; x_wconf 83' lang='lat' dir='ltr'>dextram</span> <span class='ocrx_word' id='word_1_125' title='bbox 501 1934 621 1982; x_wconf 86' lang='lat' dir='ltr'>tendebat</span> <span class='ocrx_word' id='word_1_126' title='bbox 632 1935 758 1984; x_wconf 88' lang='lat' dir='ltr'>inermem</span> 
     </span>
    </p>

    <p class='ocr_par' dir='ltr' id='par_1_8' title="bbox 98 2021 799 2248">
     <span class='ocr_line' id='line_1_21' title="bbox 101 2021 712 2084; baseline 0 -15"><span class='ocrx_word' id='word_1_127' title='bbox 101 2023 198 2070; x_wconf 84' lang='lat' dir='ltr'>nudato</span> <span class='ocrx_word' id='word_1_128' title='bbox 213 2021 295 2084; x_wconf 90' lang='lat' dir='ltr'>capite</span> <span class='ocrx_word' id='word_1_129' title='bbox 309 2026 385 2083; x_wconf 90' lang='lat' dir='ltr'>atque</span> <span class='ocrx_word' id='word_1_130' title='bbox 398 2035 458 2068; x_wconf 91' lang='lat' dir='ltr'>suos</span> <span class='ocrx_word' id='word_1_131' title='bbox 472 2021 584 2070; x_wconf 87' lang='lat' dir='ltr'>clamore</span> <span class='ocrx_word' id='word_1_132' title='bbox 596 2023 712 2071; x_wconf 86' lang='lat' dir='ltr'>vocabat.</span> 
     </span>
     <span class='ocr_line' id='line_1_22' title="bbox 98 2101 799 2174; baseline -0.001 -15"><span class='ocrx_word' id='word_1_133' title='bbox 98 2101 161 2174; x_wconf 85' lang='lat' dir='ltr'>‘quo</span> <span class='ocrx_word' id='word_1_134' title='bbox 174 2110 264 2158; x_wconf 81' lang='lat' dir='ltr'>ruitis?</span> <span class='ocrx_word' id='word_1_135' title='bbox 284 2124 380 2172; x_wconf 88' lang='lat' dir='ltr'>quaeve</span> <span class='ocrx_word' id='word_1_136' title='bbox 393 2109 444 2157; x_wconf 88' lang='lat' dir='ltr'>ista</span> <span class='ocrx_word' id='word_1_137' title='bbox 456 2123 547 2172; x_wconf 89' lang='lat' dir='ltr'>repens</span> <span class='ocrx_word' id='word_1_138' title='bbox 560 2109 689 2158; x_wconf 81' lang='lat' dir='ltr'>discordia</span> <span class='ocrx_word' id='word_1_139' title='bbox 701 2110 799 2172; x_wconf 83' lang='lat' dir='ltr'>surgit?</span> 
     </span>
     <span class='ocr_line' id='line_1_23' title="bbox 101 2197 735 2248; baseline -0.003 0"><span class='ocrx_word' id='word_1_140' title='bbox 101 2215 116 2248; x_wconf 96' lang='lat' dir='ltr'>o</span> <span class='ocrx_word' id='word_1_141' title='bbox 130 2200 248 2248; x_wconf 87' lang='lat' dir='ltr'>cohibete</span> <span class='ocrx_word' id='word_1_142' title='bbox 261 2199 327 2247; x_wconf 84' lang='lat' dir='ltr'>iras!</span> <span class='ocrx_word' id='word_1_143' title='bbox 348 2199 426 2247; x_wconf 88' lang='lat' dir='ltr'>ictum</span> <span class='ocrx_word' id='word_1_144' title='bbox 440 2198 492 2245; x_wconf 91' lang='lat' dir='ltr'>iam</span> <span class='ocrx_word' id='word_1_145' title='bbox 505 2197 595 2245; x_wconf 84' lang='lat' dir='ltr'>foedus</span> <span class='ocrx_word' id='word_1_146' title='bbox 608 2205 634 2246; x_wconf 92' lang='lat' dir='ltr'>et</span> <span class='ocrx_word' id='word_1_147' title='bbox 646 2212 735 2247; x_wconf 86' lang='lat' dir='ltr'>omnes</span> 
     </span>
    </p>

    <p class='ocr_par' dir='ltr' id='par_1_9' title="bbox 50 2286 828 2611">
     <span class='ocr_line' id='line_1_24' title="bbox 50 2286 731 2351; baseline -0.007 -13"><span class='ocrx_word' id='word_1_148' title='bbox 50 2294 79 2338; x_wconf 85' lang='lat'>15</span> <span class='ocrx_word' id='word_1_149' title='bbox 101 2289 250 2351; x_wconf 90' lang='lat' dir='ltr'>conpositae</span> <span class='ocrx_word' id='word_1_150' title='bbox 264 2289 342 2349; x_wconf 86' lang='lat' dir='ltr'>leges.</span> <span class='ocrx_word' id='word_1_151' title='bbox 369 2287 433 2334; x_wconf 91' lang='lat' dir='ltr'>mihi</span> <span class='ocrx_word' id='word_1_152' title='bbox 448 2287 487 2334; x_wconf 89' lang='lat' dir='ltr'>ius</span> <span class='ocrx_word' id='word_1_153' title='bbox 501 2300 653 2335; x_wconf 87' lang='lat' dir='ltr'>concurrere</span> <span class='ocrx_word' id='word_1_154' title='bbox 666 2286 731 2345; x_wconf 81' lang='lat' dir='ltr'>soli3</span> 
     </span>
     <span class='ocr_line' id='line_1_25' title="bbox 100 2373 815 2439; baseline -0.004 -15"><span class='ocrx_word' id='word_1_155' title='bbox 100 2391 141 2425; x_wconf 90' lang='lat' dir='ltr'>me</span> <span class='ocrx_word' id='word_1_156' title='bbox 154 2377 239 2435; x_wconf 83' lang='lat' dir='ltr'>sinite,</span> <span class='ocrx_word' id='word_1_157' title='bbox 255 2382 332 2439; x_wconf 86' lang='lat' dir='ltr'>atque</span> <span class='ocrx_word' id='word_1_158' title='bbox 346 2375 442 2425; x_wconf 87' lang='lat' dir='ltr'>auferte</span> <span class='ocrx_word' id='word_1_159' title='bbox 455 2383 547 2424; x_wconf 91' lang='lat' dir='ltr'>metus.</span> <span class='ocrx_word' id='word_1_160' title='bbox 575 2388 623 2436; x_wconf 85' lang='lat' dir='ltr'>ego</span> <span class='ocrx_word' id='word_1_161' title='bbox 637 2373 742 2422; x_wconf 86' lang='lat' dir='ltr'>foedera</span> <span class='ocrx_word' id='word_1_162' title='bbox 754 2373 815 2422; x_wconf 85' lang='lat' dir='ltr'>faxo</span> 
     </span>
     <span class='ocr_line' id='line_1_26' title="bbox 101 2454 828 2525; baseline -0.004 -13"><span class='ocrx_word' id='word_1_163' title='bbox 101 2465 174 2513; x_wconf 87' lang='lat' dir='ltr'>firma</span> <span class='ocrx_word' id='word_1_164' title='bbox 187 2480 282 2525; x_wconf 85' lang='lat' dir='ltr'>manu;</span> <span class='ocrx_word' id='word_1_165' title='bbox 302 2465 420 2513; x_wconf 86' lang='lat' dir='ltr'>Turnum</span> <span class='ocrx_word' id='word_1_166' title='bbox 433 2463 598 2514; x_wconf 89' lang='lat' dir='ltr'>debenthaec</span> <span class='ocrx_word' id='word_1_167' title='bbox 604 2464 657 2511; x_wconf 87' lang='lat' dir='ltr'>iam</span> <span class='ocrx_word' id='word_1_168' title='bbox 663 2462 725 2509; x_wconf 91' lang='lat' dir='ltr'>mihi</span> <span class='ocrx_word' id='word_1_169' title='bbox 734 2454 828 2510; x_wconf 64' lang='lat' dir='ltr'>sacra?</span> 
     </span>
     <span class='ocr_line' id='line_1_27' title="bbox 100 2551 678 2611; baseline -0.005 -10"><span class='ocrx_word' id='word_1_170' title='bbox 100 2553 146 2601; x_wconf 89' lang='lat' dir='ltr'>has</span> <span class='ocrx_word' id='word_1_171' title='bbox 159 2553 226 2602; x_wconf 88' lang='lat' dir='ltr'>inter</span> <span class='ocrx_word' id='word_1_172' title='bbox 238 2567 322 2611; x_wconf 83' lang='lat' dir='ltr'>voces,</span> <span class='ocrx_word' id='word_1_173' title='bbox 337 2553 422 2602; x_wconf 87' lang='lat' dir='ltr'>media</span> <span class='ocrx_word' id='word_1_174' title='bbox 435 2554 502 2602; x_wconf 87' lang='lat' dir='ltr'>inter</span> <span class='ocrx_word' id='word_1_175' title='bbox 514 2553 576 2602; x_wconf 84' lang='lat' dir='ltr'>talia</span> <span class='ocrx_word' id='word_1_176' title='bbox 588 2551 678 2609; x_wconf 58' lang='lat' dir='ltr'>verba„</span> 
     </span>
    </p>
   </div>
   <div class='ocr_carea' id='block_1_3' title="bbox 72 2641 707 2776">
    <p class='ocr_par' dir='ltr' id='par_1_10' title="bbox 72 2641 707 2776">
     <span class='ocr_line' id='line_1_28' title="bbox 98 2641 698 2712; baseline 0.01 -24"><span class='ocrx_word' id='word_1_177' title='bbox 98 2656 157 2689; x_wconf 84' lang='lat' dir='ltr'>eece</span> <span class='ocrx_word' id='word_1_178' title='bbox 170 2643 223 2689; x_wconf 81' lang='lat' dir='ltr'>viro</span> <span class='ocrx_word' id='word_1_179' title='bbox 235 2642 347 2693; x_wconf 87' lang='lat' dir='ltr'>stridens</span> <span class='ocrx_word' id='word_1_180' title='bbox 362 2643 411 2694; x_wconf 88' lang='lat' dir='ltr'>alis</span> <span class='ocrx_word' id='word_1_181' title='bbox 426 2643 545 2711; x_wconf 87' lang='lat' dir='ltr'>adlapsa</span> <span class='ocrx_word' id='word_1_182' title='bbox 554 2641 698 2712; x_wconf 54' lang='lat' dir='ltr'>sagittatis</span> 
     </span>
     <span class='ocr_line' id='line_1_29' title="bbox 72 2719 707 2776; baseline 0.009 -12"><span class='ocrx_word' id='word_1_183' title='bbox 72 2723 191 2776; x_wconf 74' lang='lat' dir='ltr'>Vergilius.</span> <span class='ocrx_word' id='word_1_184' title='bbox 656 2719 707 2770; x_wconf 60' lang='grc' dir='ltr'>Ὧι</span> 
     </span>
    </p>
   </div>
   <div class='ocr_carea' id='block_1_4' title="bbox 0 0 908 2956">
    <p class='ocr_par' dir='ltr' id='par_1_11' title="bbox 0 0 908 2956">
     <span class='ocr_line' id='line_1_30' title="bbox 0 0 908 2956; baseline 0 0"><span class='ocrx_word' id='word_1_185' title='bbox 0 0 908 2956; x_wconf 95' lang='lat' dir='ltr'> </span> 
     </span>
    </p>
   </div>
  </div>
 </body>
</html>
