1808 2956
263 162 432 203 anonercoa
450 164 537 202 urana
551 165 593 204 nr.
787 153 819 202 91

97 321 200 371 lenibus
213 320 365 369 horrescunt
376 320 462 369 flabris
476 336 642 383 summaeque
656 336 775 370 sonorem

50 416 79 458 bo
99 411 163 458 dant
175 410 256 457 silvae
268 409 393 470 longique
405 418 516 470 urguent
529 411 560 457 ad
576 411 653 458 litora
664 411 772 466 fluctas3

97 498 143 546 ille
155 499 235 556 volat,
251 497 327 544 simul
339 511 400 544 arva
411 497 480 558 fuga,
497 498 572 545 simul
586 513 700 560 aequora
712 512 823 546 verrens.

96 587 141 635 hie
153 587 193 634 vel
207 587 240 633 ad
252 586 309 634 Elei
321 593 403 634 metas
411 593 441 635 ,et
452 587 567 635 maxima
579 588 663 650 campi

96 674 203 723 sudabit
215 675 299 736 spatia
312 681 337 722 et
348 689 452 736 spumas
466 682 524 736 aget
538 690 582 722 ore
596 683 723 730 cruentas,

96 763 207 824 Belgica
219 763 259 810 vel
272 764 344 811 molli
358 764 449 810 melius
463 763 526 811 feret
539 765 628 811 esseda
641 764 719 811 collo.

50 857 78 900 lb
98 860 155 900 tum
169 852 272 898 demum
286 866 373 899 crassa
384 866 507 913 magnum
521 852 649 913 farragine
664 867 756 914 cerpus

97 954 212 989 creseere
225 939 278 987 iam
292 940 394 987 domitis
408 941 501 987 sinite:
523 954 635 1003 namque
648 948 707 988 ante
721 942 827 987 daman-

402 1029 463 1076 dum

97 1118 210 1180 ingentis
223 1117 317 1164 tollent
329 1117 429 1165 animos
443 1119 579 1180 prensique
593 1119 724 1178 negabunt

97 1205 205 1254 verbera
217 1205 287 1253 lenta
300 1206 352 1266 pati
367 1212 392 1253 et
405 1205 475 1252 duris
487 1220 577 1267 parcre
590 1207 694 1269 lupatis.

133 1292 186 1342 Sed
200 1308 253 1341 non
266 1295 320 1341 ulla
332 1294 415 1354 magis
428 1295 492 1341 vires
506 1295 632 1342 industria
645 1295 730 1341 firmat

50 1388 80 1430 10
99 1397 179 1445 quam
192 1383 318 1430 Venerem
333 1389 358 1429 et
371 1383 441 1430 caeci
455 1384 572 1430 stimulos
591 1390 703 1430 avertere
721 1379 825 1436 alueris,

98 1472 152 1518 sive
165 1470 246 1518 boum
259 1471 311 1517 sire
324 1478 362 1518 est
375 1471 416 1517 cui
429 1471 527 1531 gratior
540 1487 601 1518 usus
614 1485 748 1533 equorum.

99 1567 177 1622 atque
190 1559 249 1606 ideo
262 1567 350 1606 tauros
362 1560 453 1620 procul
467 1568 544 1621 atque
557 1561 583 1606 in
596 1561 652 1607 sola
665 1560 781 1619 relegant

98 1662 212 1710 pascua,
234 1655 293 1709 post
310 1655 423 1695 montem
441 1648 588 1709 oppositum
602 1656 627 1695 et
639 1654 709 1694 trans
721 1646 828 1693 flumina

402 1737 465 1795 lat-a,

99 1831 144 1872 aut
155 1825 226 1871 int-us
240 1825 342 1872 clausos
355 1831 443 1872 satura
456 1826 487 1872 ad
502 1825 637 1887 praesepia
650 1832 759 1871 servant.

50 1919 77 1961 15
99 1913 183 1975 carpit
196 1912 265 1961 enim
278 1913 341 1960 vires
355 1913 490 1974 paullatim
503 1914 604 1974 uritque
618 1913 727 1960 videndo

98 2002 197 2050 femina
228 2015 275 2048 nee
309 2016 443 2048 nemorum
473 2003 568 2063 patitur
604 2001 750 2049 meminisse
782 2015 828 2048 nec

402 2090 505 2138 herbae.

98 2178 219 2226 dulcibus
232 2178 278 2225 illa
292 2179 396 2240 quidem
409 2179 545 2227 inlecebris
559 2186 584 2226 et
597 2193 673 2240 saepe
686 2177 810 2239 superbos

98 2266 220 2314 cornibus
234 2266 300 2314 inter
312 2281 339 2314 se
353 2267 449 2327 subigit
462 2269 598 2315 decernere
611 2267 730 2314 amantis.

97 2355 214 2417 pascitur
226 2354 253 2401 in
267 2370 361 2417 magna
375 2354 430 2403 Sila
443 2357 558 2403 lbrrnosa
570 2357 692 2404 iuvenca:

50 2450 76 2492 lo
98 2443 136 2492 illi
152 2443 309 2491 alternantes
323 2445 440 2492 multari
455 2446 553 2507 proelia
566 2445 675 2492 miscent

96 2531 247 2580 volneribus
261 2532 364 2590 crebris,
381 2534 442 2580 lavit
454 2543 509 2583 atcr
522 2548 631 2595 corpora
643 2533 757 2594 sanguis,

89 2634 222 2681 -versaque
234 2621 262 2666 in
275 2620 385 2667 obnixos
398 2630 539 2681 urguentur
552 2636 650 2668 cornua
662 2628 734 2668 vasto
