1808 2956
66 156 75 198 l
90 153 122 197 14
301 159 326 196 1‘.
344 156 463 194 villemel
486 157 615 195 MARONIS

132 317 201 380 quod
226 329 310 377 neque
335 313 473 362 concubitu
505 313 641 374 indulgent
672 328 720 361 nec
751 327 851 375 corpora

431 416 522 463 segnes

129 494 156 541 in
169 492 297 541 Venerem
310 492 412 540 solvont
425 497 470 538 aut
482 491 547 539 sotus
559 490 663 537 nixibus
677 489 766 547 edunt,

61 589 120 633 200,
131 597 218 630 verum
231 583 303 644 ipsae
315 595 329 628 e
342 580 411 627 foliis
425 586 499 627 natos
513 585 538 626 ct
551 578 671 626 suavibus
684 577 771 626 herbis

132 685 175 718 ore
188 671 286 731 legunt,
302 669 372 731 ipsae
386 683 472 729 regem
485 683 628 730 parvosque
642 667 755 726 Quirites

132 759 262 806 sufficiunt
275 759 398 819 aulasque
412 763 436 804 et
449 771 523 804 cerea
534 770 614 817 regna
626 756 765 817 rcfingunt.

133 861 209 909 saepe
223 848 299 894 etiarn
313 847 383 893 duris
397 845 506 894 errando
520 845 546 890 in
560 844 660 892 cotibus
674 846 729 892 alas

133 936 250 983 attrivere
263 936 381 997 ultroque
395 934 508 982 animam
521 933 567 980 sub
581 932 649 980 fasce
664 934 770 981 dedere:

63 1029 112 1072 205
133 1030 217 1071 tanna
231 1038 303 1070 emor
316 1023 408 1070 florum
421 1030 445 1071 et
457 1022 598 1083 generandi
612 1022 697 1082 gloria
710 1023 803 1071 mellis.

133 1127 194 1174 ergo
207 1112 275 1174 ipsas
290 1111 405 1173 quamvis
419 1111 520 1172 angusti
534 1111 656 1158 terminus
671 1111 725 1158 aevi
789 1156 790 1159 ,

133 1200 246 1262 excipiat
255 1200 351 1262 (neque
364 1200 432 1248 enim
445 1201 503 1261 plns
516 1199 625 1261 septima
638 1199 740 1247 ducitur
753 1200 848 1260 aestas)

134 1295 160 1335 at
172 1302 252 1350 genus
266 1289 402 1336 inmortale
416 1294 503 1336 manet
514 1288 660 1349 multosque
673 1302 719 1350 per
733 1303 814 1335 annos

28 1440 32 1451 ¹
98 1429 102 1435 ,
133 1384 183 1424 stat
195 1376 298 1424 fortuna
311 1378 401 1424 demus
416 1384 440 1423 et
453 1377 491 1423 uvi
506 1384 673 1424 numerantur
686 1392 800 1424 avorum.

64 1470 266 1526 arespraeterea
278 1479 364 1525 regern
378 1479 428 1511 non
443 1465 480 1512 sic
492 1465 624 1528 Aegyptos
639 1472 664 1513 et
676 1464 768 1526 ingens

95 1546 98 1550 ’
133 1553 217 1614 L'ydia
229 1567 275 1600 nec
288 1553 377 1614 populi
391 1553 546 1601 Parthorum
566 1561 610 1600 aut
622 1554 713 1601 Medus
729 1552 850 1615 Hydaspe

135 1641 277 1689 observant.
306 1655 365 1702 rege
377 1641 501 1689 incolumi
515 1656 587 1689 mens
601 1642 720 1689 omnibus
733 1649 824 1699 unast3

135 1730 229 1777 amisso
242 1745 333 1792 rupere
346 1731 423 1778 fidem
436 1737 634 1792 constructaque
648 1731 727 1780 mella

135 1818 263 1880 diripuere
275 1818 346 1880 ipsae
360 1827 385 1866 et
397 1826 478 1866 crates
491 1819 589 1867 solvere
604 1819 728 1866 favorum.

65 1911 114 1954 215
136 1907 179 1955 ille
192 1921 298 1969 operum
311 1913 405 1966 custos,
420 1909 495 1956 illurn
509 1908 669 1955 admirantur
682 1914 707 1955 et
719 1923 809 1956 omnes

135 1995 301 2043 circumstant
314 1995 415 2044 fremitu
429 1998 509 2044 denso
523 1997 670 2058 stipantque
683 1996 828 2058 frequentes

135 2089 160 2129 et
172 2096 248 2144 saepe
262 2084 385 2131 attollunt
397 2084 492 2131 umeris
506 2091 530 2130 et
544 2098 654 2146 corpora
668 2085 737 2132 bello

135 2169 265 2219 obiectant
275 2171 461 2234 pulchramque
473 2179 563 2234 petunt
574 2188 619 2235 per
629 2174 736 2221 volnera
743 2180 849 2221 mortem

170 2257 216 2306 His
230 2259 336 2321 quidam
348 2261 429 2322 signis
443 2269 519 2324 atquc
533 2262 596 2310 haec
610 2262 729 2324 exempla
742 2262 822 2310 secuti

64 2348 115 2393 220
136 2361 190 2395 esse
204 2347 294 2410 apibus
308 2356 407 2410 partem
421 2350 521 2399 divinae
534 2351 626 2398 mentis
640 2357 665 2397 et
678 2350 786 2398 haustus

136 2435 262 2484 aetherios
276 2437 378 2485 dixere:
401 2439 477 2486 deum
490 2454 602 2501 namque
615 2439 651 2486 ire
664 2453 709 2500 per
722 2438 819 2493 onrnin,

134 2530 265 2586 terrasque
278 2531 425 2587 tractusque
438 2528 515 2575 maris
529 2528 845 2590 caelumqueprofundum

123 2611 188 2660 lir'ne
190 2613 318 2676 pecudes,
333 2623 463 2677 armenta,
477 2617 557 2676 viros,
569 2616 851 2679 genusonrneterarurn
