1808 2956
281 182 429 224 Annumos
447 185 534 224 uranu
549 186 578 225 v.
769 177 828 225 257

101 343 139 390 sic
151 341 310 400 Mnestheus,
326 342 363 390 sic
375 342 432 404 ipsa
444 343 506 404 fuga
519 349 589 391 secat
601 344 692 391 ultima
704 344 795 392 Pristis
821 353 823 356 ’

103 446 226 494 aequora,
242 432 279 479 sic
291 431 364 478 illam
377 431 425 478 fert
438 432 548 493 impetus
562 433 617 493 ipse
630 433 769 479 volantem.

56 527 82 568 ΒΟ
103 527 129 568 et
141 521 253 582 primum
266 520 291 566 in
305 520 413 581 scopulo
427 521 567 567 luctantem
580 521 674 568 deserit
687 521 739 569 alto

104 607 252 670 Sergestum
265 608 435 669 brevibusque
447 609 518 655 vadis
537 609 680 670 frustraque
697 617 832 658 vocantem

103 698 202 745 auxilia
215 704 240 744 et
252 696 338 744 fractis
353 697 492 744 discentem
506 711 607 745 currere
620 697 705 744 remis.
759 711 761 716 ·

103 786 164 833 inde
178 783 251 847 Gyan
265 785 399 847 ipsamque
410 785 508 845 ingenti
523 786 591 832 mole
605 782 770 834 Chimaeram

104 875 285 936 consequitur3
306 874 388 932 cedit,
409 873 532 934 quoniam
550 873 661 935 spoliata
673 874 830 935 magistrost.

56 967 83 1009 25
104 963 175 1009 solus
188 963 292 1024 iamque
305 963 361 1024 ipso
375 968 490 1023 superest
503 963 529 1008 in
542 962 592 1009 line
607 959 765 1010 Cloanthus:

104 1065 181 1112 quem
194 1053 257 1113 petit
270 1058 295 1098 et
308 1051 413 1097 summis
427 1050 536 1097 adnixus
550 1051 644 1098 viribus
657 1059 758 1113 urguet.

104 1147 158 1186 tum
171 1154 230 1187 vcro
244 1140 387 1201 ingeminat
400 1140 498 1187 clamor
511 1139 647 1200 cunctique
660 1147 810 1202 sequentem

104 1228 229 1289 instigant
241 1228 332 1275 studiis
346 1233 500 1289 resonatque
513 1226 657 1288 fragoribus
672 1229 766 1277 aether.

104 1317 130 1363 hi
144 1318 277 1380 proprium
289 1318 366 1364 decus
378 1323 403 1363 et
414 1323 516 1377 partum
527 1315 695 1376 indignantur
707 1317 832 1388 honorem

56 1411 86 1453 30
105 1406 131 1452 ni
145 1413 257 1463 teneant,
272 1405 402 1466 vitamque
414 1405 504 1451 volunt
517 1419 563 1466 pro
577 1405 653 1453 laude
666 1407 778 1467 pacisci3

105 1495 153 1542 hos
164 1509 296 1542 successus
310 1494 370 1541 alit:
392 1501 507 1554 possunt,
524 1493 585 1554 quia
598 1509 673 1556 posse
685 1495 811 1542 videntur.

106 1590 131 1631 ct
143 1584 194 1630 sors
208 1583 323 1647 aequatis
338 1583 465 1644 cepissent
477 1582 592 1644 praemia
604 1583 702 1640 rostris,
755 1589 756 1593 ’

105 1673 131 1719 ni
145 1673 243 1734 palmas
257 1664 457 1735 pontoffendens
472 1677 592 1732 utrasque
607 1669 750 1719 Cloanthus

105 1761 264 1822 fudissetque
277 1774 364 1823 preces
379 1760 502 1821 divosque
515 1760 542 1805 in
555 1766 615 1807 vota
635 1767 758 1808 vocasset.

56 1856 84 1898 35
101 1840 139 1897 ‘di
153 1849 246 1912 quibus
265 1848 402 1911 imperium
420 1848 506 1910 pelagi
524 1855 576 1905 est,
599 1863 707 1910 quorum
720 1864 834 1912 aequora

407 1951 491 1994 curro,

105 2026 176 2074 vobis
190 2027 273 2075 laetus
287 2041 334 2087 ego
348 2026 398 2073 hoc
412 2025 564 2073 candentem
577 2024 604 2072 in
619 2026 692 2073 litore
706 2031 808 2072 taurum

106 2116 261 2163 constituam
275 2122 334 2162 ante
347 2129 404 2163 aras
418 2114 469 2162 voti
483 2129 540 2161 reus
554 2121 665 2176 extaque
678 2104 758 2161 salsos
789 2164 791 2170 ,

105 2205 244 2266 porriciam
257 2204 284 2250 in
297 2203 388 2250 fluctus
403 2210 427 2250 et
439 2204 499 2250 vina
511 2203 636 2265 liquentia
650 2194 775 2249 lundam'

107 2293 180 2350 dixit,
196 2307 306 2353 eumque
319 2292 376 2338 imis
391 2291 437 2338 sub
451 2291 568 2338 fluctibus
582 2290 664 2337 audiit
677 2289 759 2336 omnis

56 2386 87 2428 40
106 2380 245 2428 Nereidum
258 2380 404 2441 Phorcique
418 2379 511 2426 chorus
523 2379 698 2442 Panopeaque
711 2378 792 2439 virgo,
805 2390 817 2410 ·

106 2476 132 2517 et
144 2477 217 2531 pater
230 2469 284 2531 ipse
297 2483 376 2516 manu
389 2482 485 2528 magna
496 2467 625 2514 Portunus
638 2472 741 2513 euntem

106 2559 215 2620 inpulit:
236 2558 282 2605 illa
295 2563 356 2605 noto
371 2557 447 2606 citius
460 2556 616 2618 volucrique
627 2554 732 2614 sagitta

98 2647 133 2691 ad
145 2651 238 2693 terrum
253 2647 322 2710 fugit
336 2657 363 2699 et
375 2657 459 2714 portu
473 2665 506 2700 se
519 2645 652 2699 condidit
663 2643 738 2688 alm.

73 2725 194 2780 Vergilius.
680 2722 720 2768 Π
