1808 2956
68 184 82 230 2
91 185 127 232 60
306 192 331 230 Ρ.
349 191 469 230 VERGILI
489 188 618 229 MARONIS

128 349 212 398 Nisus
226 364 313 397 amore
327 349 371 411 pio
386 347 473 410 pueri3
495 360 559 408 quos
574 346 667 393 deinde
680 353 785 395 secutus

136 439 221 499 regius
235 437 339 498 egregia
351 435 447 483 Priami
462 436 493 482 de
507 435 585 496 stirpe
598 435 705 493 Diores;

136 527 204 574 hunc
218 525 303 574 Salius
317 525 393 572 simul
408 530 432 571 et
444 523 555 581 Patron,
580 538 690 584 quorum
708 524 867 573 alterAcar·

439 627 499 670 nan,

138 705 201 752 alter
214 704 245 750 ab
259 702 373 751 Arcadio
387 701 520 763 Tegeaeae
533 702 658 761 sanguine
671 702 756 761 gentis
768 719 774 760 ;

67 798 118 841 300
138 800 192 840 tum
206 793 257 839 duo
270 791 397 838 Trinacrii
410 791 527 848 iuvenes,
547 789 670 851 Helymus
684 790 866 853 Panopesque,

138 881 237 928 adsueti
251 880 329 938 silvis,
347 879 451 927 comites
466 878 573 927 senioris
587 880 714 937 Acestae;

138 970 212 1016 multi
224 976 356 1031 practerea
370 983 435 1030 quos
449 967 519 1016 lama
532 968 642 1016 obscura
655 969 783 1015 recondit.

138 1059 240 1107 Aeneas
255 1058 346 1120 quibus
360 1058 386 1104 in
401 1057 491 1104 mediis
505 1057 542 1104 sic
556 1057 649 1104 deinde
663 1057 777 1104 locutus.

138 1146 256 1208 ‘accipite
269 1147 333 1194 haec
347 1146 440 1193 animis
453 1146 586 1208 laetasque
599 1145 721 1193 advertite
734 1153 846 1194 mentes.

71 1240 121 1282 305
142 1249 218 1282 nemo
233 1250 265 1282 ex
277 1235 327 1282 hoc
340 1249 447 1282 numero
460 1235 523 1281 mihi
537 1249 589 1281 non
604 1235 713 1280 donatus
728 1233 821 1282 abibit.

142 1322 240 1372 Gnosia
254 1323 315 1371 bina
329 1323 395 1371 dabo
409 1323 492 1371 levato
507 1323 593 1370 lucida
606 1323 672 1370 ferro

141 1413 241 1474 spicula
254 1413 431 1474 caelatamque
444 1418 550 1472 argento
564 1411 629 1458 ferre
642 1411 781 1472 bipennem
793 1429 798 1471 ;

143 1501 261 1548 omnibus
274 1501 317 1549 hic
330 1501 378 1549 erit
390 1515 456 1547 unus
471 1501 562 1547 honos.
602 1507 651 1547 tres
665 1500 782 1561 praemia
795 1501 871 1563 primi

143 1590 270 1652 accipient
282 1591 397 1652 flavaque
412 1596 488 1651 caput
500 1595 634 1636 nectentur
646 1589 722 1635 oliva.

73 1683 124 1726 310
142 1679 239 1741 primus
253 1694 327 1727 ecum
339 1679 452 1741 phaleris
466 1679 593 1738 insignem
606 1677 687 1725 uictor
700 1677 814 1737 habeto;

142 1769 207 1816 alter
219 1769 389 1816 Amazoniam
402 1767 548 1829 pharetram
561 1767 717 1830 plenamque
731 1768 834 1827 sagittis

143 1856 277 1915 Threiciis,
294 1857 346 1905 lato
361 1872 439 1918 quam
453 1855 669 1917 circumplectitur
683 1870 745 1902 auro

143 1944 242 1992 balteus
256 1952 281 1993 et
293 1945 364 1993 tereti
379 1945 506 1992 subnectit
519 1944 598 1991 fibula
610 1959 727 2005 gcmma3

144 2034 232 2081 tertius
245 2034 369 2096 Argolica
382 2039 431 2082 hac
444 2034 519 2095 galea
533 2040 667 2080 contentus
682 2025 771 2080 abito’

74 2127 124 2170 315
144 2121 208 2170 haec
222 2123 265 2170 ubi
281 2123 357 2181 dicta,
374 2123 460 2171 locum
474 2124 580 2186 capiunt
592 2124 719 2184 signoque
732 2133 841 2184 reponte

145 2211 286 2273 corripiunt
299 2211 383 2273 spatia
396 2213 484 2260 audito
498 2214 628 2274 limenque
641 2213 778 2269 relincunt,

145 2299 218 2347 effusi
233 2299 320 2347 nimbo
334 2302 439 2360 similes,
456 2302 532 2350 simul
547 2302 637 2350 ultima
650 2301 762 2362 signant.

145 2387 242 2449 primus
256 2389 310 2437 abit
321 2391 452 2452 longeque
466 2399 525 2439 aute
539 2391 627 2438 omnia
640 2404 749 2451 corpora
762 2389 841 2439 Nisus

146 2478 247 2538 emicat,
263 2487 288 2527 et
300 2480 380 2527 ventis
394 2486 419 2527 et
431 2479 544 2527 fulminis
559 2480 630 2527 ocior
642 2479 689 2526 alis
701 2495 706 2536 ;

71 2573 126 2614 320
138 2568 277 2628 proximus
291 2568 360 2628 huic,
377 2568 455 2630 longo
470 2568 513 2615 sed
528 2569 660 2631 proximus
674 2567 821 2627 intervallo,

124 2655 282 2720 Insequitur
294 2658 386 2712 Salius
399 2679 405 2724 ;
426 2659 514 2726 spatio
528 2665 592 2724 post
603 2656 700 2705 beinbe
710 2654 804 2699 relicto
