1808 2956
156 160 181 198 Ρ.
199 159 287 198 vana.
304 159 538 198 nna.nnun1uos
557 161 643 200 muna
661 162 722 200 vni.
777 152 836 199 353

110 316 219 365 edoceat
231 315 377 377 multasque
390 316 444 362 viro
458 330 485 364 se
498 316 638 377 adiungere
651 318 734 378 gentis

109 404 245 452 Dardanio
259 411 283 451 et
297 403 348 451 late
360 403 436 451 Latio
450 404 637 453 increbrescere
650 419 754 453 nomen.

60 496 91 540 15
110 493 172 554 quid
185 500 267 540 struat
280 491 319 538 his
333 493 439 554 coeptis,
456 507 541 554 quem,
556 493 577 539 si
585 492 836 556 Fortunasequatur‚

109 589 229 628 eventum
242 594 344 641 pugnae
357 581 452 642 cupiat,
468 581 628 629 manifestius
641 581 691 643 ipsi

110 683 188 730 quam
201 668 290 716 Turno
303 669 357 729 regi
371 676 415 715 aut
427 669 481 729 regi
496 671 619 731 adparere
632 669 735 717 Latino.

145 756 220 804 Talia
234 770 279 818 per
291 755 403 803 Latium.
432 772 498 818 quae
510 757 712 805 Laomedontius
726 759 801 806 heros

110 852 203 892 cancta
215 844 303 891 videns
317 859 413 904 magno
427 860 546 892 curarum
559 846 665 893 fluctuat
678 854 750 894 aestu

56 938 89 981 20
111 942 188 995 atque
208 933 323 980 animum
342 947 410 980 nnnc
432 932 482 981 huc
506 934 629 992 celerem,
655 949 724 983 nunc
748 936 839 983 dividit

410 1021 482 1078 illuc,

109 1109 135 1156 in
150 1108 282 1170 partisque
295 1109 363 1170 rapit
375 1110 459 1157 varias
472 1124 569 1172 perque
582 1110 670 1159 omnia
682 1118 775 1170 versat,

110 1197 177 1244 sicut
188 1211 272 1258 aquae
285 1198 423 1244 tremulum
436 1199 514 1246 labris
529 1199 571 1246 ubi
585 1199 672 1246 lumen
686 1200 757 1247 aenis

108 1285 164 1332 sole
177 1299 355 1346 repercussum
369 1295 413 1334 aut
425 1287 549 1334 radiantis
562 1287 675 1347 imagine
689 1287 766 1336 lunae

110 1375 197 1421 omnia
210 1375 347 1435 pervolitat
360 1375 410 1422 lata
424 1376 482 1422 loca
495 1375 598 1436 iamque
611 1374 658 1422 sub
672 1389 747 1423 auras

56 1468 87 1510 25
109 1462 215 1523 erigitur
228 1462 372 1524 summique
385 1463 444 1511 ferit
457 1463 589 1524 laquearia
605 1463 674 1510 tecti.

107 1564 161 1598 nox
174 1557 229 1598 erat
241 1557 266 1597 ct
279 1556 359 1597 terras
373 1551 496 1598 animalia
509 1551 575 1599 fessa
588 1565 633 1612 per
646 1551 729 1598 omnis

108 1639 217 1686 alituom
230 1639 410 1701 pecudumque
423 1653 503 1699 genus
517 1652 595 1701 sopor
608 1639 675 1685 altus
688 1638 808 1698 habebat,

109 1742 166 1774 cum
180 1734 253 1789 pater
265 1727 291 1774 in
304 1728 362 1789 ripa
374 1727 505 1789 gelidique
518 1726 564 1773 sub
578 1726 688 1775 aetheris
701 1741 750 1775 axe

107 1815 219 1873 Aeneas,
235 1815 300 1863 tristi
314 1816 430 1864 turbatus
443 1823 548 1878 pectora
561 1815 639 1873 belle,

56 1909 87 1952 30
108 1902 245 1965 procubuit
257 1918 392 1966 seramque
406 1905 476 1952 dedit
488 1918 534 1966 per
546 1903 661 1952 membra
674 1903 795 1965 quietem.

107 1990 168 2038 huic
181 1991 243 2039 deus
256 1991 312 2054 ipse
324 1992 376 2039 loci
389 1992 465 2039 flutio
478 1991 615 2040 Tiberinus
629 2005 738 2039 amoeno

107 2080 232 2142 populeas
245 2080 313 2127 inter
325 2081 411 2126 senior
423 2095 450 2128 se
464 2081 581 2128 attollere
593 2079 697 2128 frondes

105 2167 174 2214 visus
188 2166 259 2229 (eum
271 2168 354 2214 tenuis
368 2169 460 2229 glauco
473 2169 576 2216 velabat
588 2168 683 2216 amictu

108 2255 230 2304 carbasus
243 2261 268 2302 ct
280 2255 357 2302 crinis
370 2256 492 2303 umbrosa
505 2256 608 2317 tegebat
619 2253 759 2318 harundo),

56 2349 87 2393 35
107 2351 162 2391 tum
175 2344 211 2390 sic
225 2342 306 2390 adfari
320 2350 345 2391 ct
358 2358 431 2391 curas
445 2344 484 2392 his
498 2345 600 2392 demere
613 2343 696 2391 dictis.

139 2421 174 2480 ‘0
187 2438 330 2493 satagente
344 2432 434 2490 deum,
454 2431 594 2479 Troianam
612 2445 643 2479 ex
661 2429 777 2478 hostibus
791 2445 834 2478 ur-

409 2519 469 2568 bem

102 2608 148 2667 qui
159 2608 258 2655 revehis
272 2608 349 2656 nobis
365 2617 534 2675 aeternaque
543 2609 689 2669 Pergama
699 2610 809 2650 sewun

76 2687 198 2740 Vergilius.
667 2683 718 2732 ‘2‘5
