1808 2956
269 155 438 196 oaorolcon
455 158 542 196 LIBER
559 158 590 196 ΙΙ.

95 322 123 362 et
134 328 214 377 passo
227 313 422 376 psithia-utilior
434 315 569 377 tenuisque
582 315 678 376 lageos,

98 411 256 466 temptatura
268 404 346 465 pedes
359 403 422 451 olim
435 404 602 466 vincturaque
616 404 740 466 linguam,

50 497 77 540 35
97 506 243 554 purpureae
256 493 418 555 preciaeque,
435 501 460 540 et
473 507 524 555 quo
539 500 563 541 te
576 493 690 541 carmine
703 494 797 552 dicam,

97 581 242 629 Rhaetica?
260 595 309 629 neo
322 581 393 629 cellis
406 581 466 630 ideo
480 581 606 629 contende
620 581 744 629 Falernis.

98 676 159 717 sunt
172 677 198 717 et
210 670 353 717 Aminaeae
365 670 437 727 vites,
453 669 600 717 firmissima
612 669 680 727 rina,

98 759 217 806 Tmolius
230 758 347 820 adsurgit
360 759 452 820 quibus
467 765 491 806 et
503 773 549 806 rex
562 758 617 820 ipse
630 758 781 818 Phanaeus;

97 847 250 909 Argitisque
263 847 356 906 minor,
372 849 414 896 eui
426 862 479 894 non
494 847 628 895 certaverit
641 848 694 895 ulla
731 909 733 913 Α

50 943 78 984 )0
99 943 145 983 aut
158 944 259 984 tantum
271 935 349 984 fluere
363 944 408 984 aut
420 937 527 984 totidem
542 937 634 984 durare
647 950 693 999 per
706 951 797 984 annos.

99 1038 153 1072 non
167 1038 216 1085 ego
230 1031 263 1083 te,
279 1025 317 1072 dis
331 1030 356 1073 et
368 1026 463 1073 mensis
477 1032 583 1087 accepta
596 1026 724 1085 secundis,

100 1113 260 1172 transierim,
275 1113 387 1171 Rhodia,
404 1120 429 1161 et
441 1114 554 1172 tumidis,
570 1113 695 1172 bumaste‚
711 1114 827 1162 racemis.

98 1202 144 1250 sed
164 1215 249 1263 neque
268 1217 346 1264 quam
364 1202 460 1249 multae
473 1201 570 1264 speeies
584 1217 632 1251 nec
645 1203 752 1250 uomina
764 1217 831 1264 quae

404 1291 456 1338 siut

99 1387 138 1428 est
162 1393 298 1427 numerus:
325 1394 410 1442 neque
434 1380 502 1427 enim
527 1395 634 1428 numero
656 1380 832 1442 conprendere

404 1469 494 1527 refert;
760 1531 763 1537 ,

50 1563 80 1606 05
100 1572 179 1620 quem
193 1556 237 1618 qui
251 1556 316 1604 scire
329 1556 398 1615 velit,
414 1557 504 1619 Libyci
518 1558 580 1605 velit
593 1558 713 1619 aequoris
727 1557 796 1605 idem

101 1647 200 1695 discere
213 1659 292 1707 quam
306 1646 403 1695 multae
416 1647 527 1708 zephyro
541 1645 676 1694 turbentur
688 1646 801 1694 harenae

100 1742 145 1782 aut
157 1734 202 1781 ubi
216 1734 325 1795 navigiis
338 1734 475 1782 violentior
487 1735 579 1782 incidit
596 1749 671 1782 eurus

100 1837 178 1871 nosse
191 1829 256 1884 quot
268 1822 335 1870 Ionii
348 1824 453 1871 veniant
466 1825 498 1871 ad
512 1824 589 1871 litora
601 1823 702 1871 fluctus.

134 1911 188 1960 Nec
201 1925 261 1959 vero
275 1918 358 1960 terrae
370 1911 435 1960 ferre
449 1927 539 1961 omnes
552 1913 641 1960 omnia
652 1919 769 1974 possunt.

51 2005 82 2048 lt)
100 1998 250 2048 fluminibus
263 2000 355 2048 salices
369 2002 513 2063 crassisque
525 2000 663 2063 paludibus
677 2001 729 2048 alni

100 2095 250 2146 nascuntur,
266 2089 364 2137 steriles
377 2090 477 2137 saxosis
490 2088 621 2138 montibus
635 2089 706 2148 orni3

100 2177 177 2224 litora
189 2178 305 2239 myrtetis
319 2179 474 2237 laetissima;
496 2178 608 2240 denique
621 2186 723 2240 apertos

99 2266 219 2315 Bacchus
233 2274 303 2315 amat
316 2268 404 2325 colles,
420 2268 570 2329 aquilonem
583 2274 607 2314 et
620 2266 717 2328 frigora
729 2267 791 2314 taxi.

99 2355 187 2418 aspice
201 2361 226 2402 et
239 2357 359 2403 extremis
373 2357 500 2403 domitum
513 2355 655 2404 cultoribus
669 2356 758 2404 orbem

50 2448 81 2492 15
101 2458 216 2506 eoasque
231 2443 321 2492 domos
333 2444 452 2492 Arabum
465 2445 601 2507 pictosque
615 2443 744 2492 Gelonos:

100 2533 197 2580 divisae
210 2532 344 2580 arboribus
357 2534 464 2596 patriae.
504 2534 561 2581 sola
573 2533 649 2580 ludia
661 2533 764 2594 nigrum

99 2622 149 2670 lert
161 2620 302 2682 hebenum,
315 2623 377 2670 solis
390 2630 429 2671 est
441 2629 513 2670 turea
525 2621 598 2684 virga
610 2619 733 2670 Sabaeis.

80 2705 208 2762 Vergilius.
313 2704 316 2712 ⁴
665 2705 685 2752 'a
