1808 2956
276 202 424 242 AENEIDOS
449 205 536 242 LIBER
552 205 591 243 VI.
772 199 829 246 307

104 358 214 406 inminet
226 356 369 418 adsimilis3
390 359 477 408 lucent
489 360 635 421 genialibus
649 361 707 408 altis
732 399 733 402 ,

105 460 186 495 aurea
198 445 281 494 fulera
294 448 365 506 toris,
381 449 525 510 epulaeque
538 455 598 495 ante
611 463 658 495 ora
670 458 776 510 paratae

48 540 83 583 05
106 533 212 595 regifico
225 535 305 594 luxu3
325 535 461 584 Furiarum
474 536 589 583 maxima
601 537 675 584 iuxta

105 621 216 671 aeeubat
228 630 252 670 et
264 624 383 671 manibus
397 622 517 686 prohibet
529 626 679 686 contingere
691 639 793 673 mensas

105 710 258 772 exurgitque
271 711 355 760 facem
367 713 488 759 attollens
502 720 579 774 atque
592 713 694 760 intonat
707 727 759 761 ore.

105 799 149 846 hie
162 798 255 861 quibus
268 799 342 846 invisi
356 800 456 859 fratres,
472 800 534 847 dum
548 800 599 846 vita
611 801 741 860 manebat,

105 887 254 950 pulsatusve
267 902 360 949 parens
374 895 398 936 et
411 888 481 934 fraus
494 888 590 935 innexa
603 889 700 948 clienti,

52 982 86 1024 10
106 983 152 1024 aut
164 976 207 1038 qui
221 976 315 1023 divitiis
329 976 377 1023 soli
391 976 531 1024 incubuere
544 977 651 1037 repertis

106 1077 155 1111 nec
167 1069 267 1126 partem
280 1078 389 1126 posuere
402 1064 454 1111 suis
468 1062 547 1126 (quae
560 1065 674 1111 maxima
687 1064 807 1128 turbast),

107 1152 203 1215 quique
216 1152 249 1199 ob
263 1153 417 1200 adulterium
431 1153 508 1211 oaesi,
524 1153 619 1215 quique
632 1167 704 1200 arma
716 1153 796 1201 secuti

105 1240 187 1303 impia
199 1255 247 1288 nec
259 1240 331 1288 veriti
345 1240 512 1288 dominorum
523 1239 613 1288 fallere
627 1241 739 1299 dextras,

105 1328 199 1376 inclusi
212 1342 323 1391 poenam
337 1335 482 1390 expectant.
510 1343 542 1375 ne
555 1343 649 1390 quaere
663 1329 750 1377 doceri

54 1422 85 1464 15
107 1430 185 1478 quam
209 1430 320 1478 poenam
345 1423 390 1462 aut
414 1430 480 1477 quae
499 1416 582 1464 forma
604 1417 672 1465 viros
698 1418 833 1465 fortunave

406 1504 501 1552 mersit.

105 1606 196 1639 saxum
209 1592 300 1652 ingens
313 1591 419 1638 volvont
431 1592 485 1650 alii,
502 1592 632 1653 radiisque
645 1599 761 1641 rotarum

107 1680 214 1728 districti
226 1679 355 1742 pendent3
376 1680 447 1727 sedet
460 1688 644 1741 aeternumque
657 1679 757 1728 sedebit

105 1768 197 1816 infelix
209 1768 339 1827 Theseus3
360 1767 541 1830 Phlegyasque
553 1768 710 1816 miserrimus
723 1769 807 1817 omnis

105 1856 228 1904 admonet
240 1863 266 1905 et
278 1870 374 1917 magua
387 1862 495 1904 testatur
507 1870 570 1904 voee
583 1870 629 1919 per
641 1852 744 1904 umbras

50 1950 84 1994 20
102 1927 204 1993 ‘discite
217 1945 340 1991 iustitiam
354 1945 444 1991 moniti
458 1951 483 1992 et
496 1959 549 1991 non
562 1950 674 1992 temnere
689 1936 779 1992 divos.³

105 2032 220 2081 vendidit
238 2032 281 2080 hie
294 2047 357 2079 auro
370 2033 481 2094 patriam
499 2033 683 2094 dominumque
700 2039 833 2095 potentem

105 2121 232 2184 inposuit²
244 2119 300 2169 fixit
313 2121 383 2182 leges
396 2120 479 2182 pretio
491 2128 570 2182 atque
583 2120 683 2179 refixit3

105 2209 148 2256 hie
161 2208 493 2267 thalamum-invasitmtae
505 2209 648 2271 vetitosque
659 2207 831 2270 hymenaeos;

106 2297 162 2345 ausi
176 2311 265 2347 omnes
278 2297 382 2345 inmane
394 2297 466 2346 nefas
480 2311 595 2359 ausoque
608 2297 691 2360 potiti.

51 2391 85 2435 25
106 2400 174 2444 nou,
196 2385 260 2433 mihi
273 2385 294 2432 si
307 2385 413 2446 linguae
426 2392 529 2434 eentum
542 2385 594 2432 sint
606 2399 704 2447 oraque
717 2390 830 2445 eentum,

106 2473 189 2527 ferrea
200 2487 260 2532 vox,
276 2473 362 2521 omnis
373 2473 498 2524 scelerum
512 2472 687 2534 conprendere
700 2472 805 2530 formas,

106 2562 196 2613 omnia
206 2575 350 2624 poenarum
360 2566 509 2629 percurrere
520 2559 632 2608 nomina
640 2552 756 2623 possim}

135 2648 207 2699 ³³⁰⁶
220 2649 265 2699 ΠΗ
278 2649 351 2711 diota
364 2651 438 2703 desiit
448 2651 560 2702 Phoebi
568 2639 877 2749 longaerpeaeeruoee

645 2730 690 2778 ‘m
