1808 2956
94 278 151 325 312
331 287 356 324 Ρ.
374 285 495 324 VERGILI
515 282 647 323 Maitores

161 442 222 489 hine
235 448 351 488 metuont
364 441 532 503 cupiuntque,
549 441 638 488 delent
650 441 836 504 gaudentque,
850 454 885 488 ue

462 542 512 589 que
526 542 601 576 auras

162 618 303 680 respiciunt
316 619 419 665 clausae
432 616 544 664 tenebris
558 624 583 664 et
595 630 699 664 carcere
712 631 803 666 eeeee.

92 709 141 754 7:35
162 707 224 767 quin
238 713 263 754 et
275 719 395 768 supremo
409 719 468 752 eum
481 704 578 752 lumine
590 704 642 751 vitu
656 705 773 767 reliquit,

162 809 214 841 nen
228 802 313 841 tumen
327 807 403 841 omne
416 793 513 840 malum
525 792 625 839 miseris
638 806 687 840 nec
706 792 826 841 funditua
841 807 886 840 em·

461 895 506 928 nes

162 984 300 1031 corporeae
314 970 441 1018 excedunt
453 977 546 1031 pestes,
561 967 717 1030 penitusque
730 978 861 1019 necessest

162 1058 243 1105 multu
256 1058 300 1104 diu
314 1065 434 1105 concreta
446 1057 531 1103 medis
544 1056 687 1103 inolescere
700 1058 784 1106 miris.

163 1160 225 1206 erge
238 1154 390 1194 exercentur
401 1145 492 1207 poenis
505 1151 670 1205 veterumque
683 1145 816 1194 malorum

94 1237 143 1280 740
163 1235 290 1295 supplicia
303 1234 466 1295 expendunt:
488 1231 554 1279 aliue
567 1232 717 1293 panduntur
729 1233 824 1282 inanes

164 1335 302 1382 suspensae
315 1322 348 1368 ad
362 1329 458 1379 ventos,
474 1320 531 1367 aliis
545 1319 591 1367 sub
605 1319 707 1380 gurgite
720 1328 795 1368 vaste

163 1409 286 1456 infectum
300 1409 393 1456 eluitur
406 1408 489 1455 scelus
504 1414 548 1455 aut
560 1408 675 1454 exuritur
687 1407 753 1468 igni.

164 1498 272 1559 quisque
286 1511 345 1543 sues
360 1497 471 1558 patimur
483 1509 580 1542 munes.
609 1495 702 1542 exinde
716 1510 764 1557 per
776 1497 887 1560 amplum

163 1586 288 1632 mittimur
300 1584 416 1646 Elysium
429 1592 454 1630 et
466 1584 541 1645 penei
555 1584 623 1630 laete
637 1598 698 1631 arva
710 1591 839 1645 tenemus,

95 1679 143 1724 745
164 1675 247 1722 donee
261 1673 416 1735 languidius,
432 1671 545 1734 perfeeto
559 1672 680 1733 temperie
694 1671 767 1729 erbe,

164 1770 310 1810 concretum
323 1761 417 1810 exemit
430 1759 515 1807 labem
528 1774 673 1821 purumque
686 1760 814 1821 relinquit

163 1852 304 1901 aetherium
317 1864 420 1898 sensum
434 1855 510 1909 etque
524 1848 595 1894 aurai
609 1847 734 1909 simplicis
748 1848 846 1910 ignem.

163 1943 209 1989 has
223 1940 315 1998 omnis,
330 1939 374 1986 ubi
389 1938 460 1984 mille
473 1943 555 1983 retem
569 1937 670 1984 volvere
683 1950 836 1998 perennes,

164 2030 305 2078 Lethaeum
319 2026 351 2073 nd
364 2025 469 2072 fluvium
482 2024 545 2071 deus
563 2031 653 2071 evocat
665 2025 769 2085 agmine
783 2039 887 2087 magne,

94 2125 143 2169 750
164 2119 262 2166 scilieet
273 2117 426 2162 inmemores
441 2126 534 2174 supera
545 2120 575 2158 ut
587 2126 702 2159 eonvexe
715 2112 829 2160 revisent

163 2219 249 2253 rursus
263 2211 288 2252 et
300 2202 426 2263 incipient
438 2201 464 2248 iu
479 2214 588 2262 corpora
601 2200 666 2247 velle
679 2193 792 2247 reverti'

197 2294 306 2341 Dixerat
318 2290 610 2349 Anchisen-natumque
624 2302 727 2349 unaque
741 2286 871 2350 Sibyllam

163 2389 302 2432 conventus
316 2379 394 2427 trahit
406 2380 433 2426 in
446 2377 545 2425 medios
559 2376 712 2437 turbamque
725 2385 864 2426 sonantem

162 2480 188 2519 et
199 2471 326 2518 tumulum
340 2467 490 2531 eapituude
508 2464 592 2511 emnia
605 2464 685 2524 louge
699 2464 790 2513 ordine
804 2476 891 2528 posset

93 2566 142 2613 755
163 2558 381 2619 edverseslegere
394 2563 420 2603 et
433 2554 579 2604 venientum
593 2553 689 2600 diaeere
702 2552 795 2600 veltus.

193 2629 356 2707 ‘Nune-age,
376 2643 538 2692 Dardaniam
552 2643 650 2703 prolem
664 2655 731 2703 quae
744 2641 840 2691 deiude
853 2657 890 2692 ee·

464 2739 559 2798 quatur
