1808 2956
298 194 324 232 1³.
341 191 462 230 vertetu
480 189 610 229 Maronis

129 355 205 398 canto
219 362 285 412 qnae
297 348 398 406 solitus,
414 347 541 409 siquando
555 353 672 394 armenta
684 344 802 403 vocabat,

128 435 261 499 Amphion
273 431 402 483 Dircaeus
412 434 552 482 inActaeo
565 434 726 500 Aracyntho.

77 529 109 572 25
129 539 176 573 nec
189 537 245 572 sum
258 524 323 570 adeo
336 522 468 569 informis:
489 532 572 585 nuper
584 537 625 570 me
638 522 665 568 in
679 523 754 569 litore
767 522 828 578 vidi,

129 627 187 660 cum
195 611 325 675 placidum
332 611 412 659 ventis
420 588 574 658 staretmare
584 627 590 669 3
604 625 657 657 non
665 609 853 673 egoDaphnim

128 700 213 762 iudice
226 706 251 748 te
263 706 385 756 metuam,
400 699 420 746 si
435 714 577 761 numquam
590 698 658 745 fallit
669 698 766 758 imago.

129 803 144 835 o
158 765 257 836 tantum
269 776 349 836 libeat
360 773 461 845 mecum
474 786 520 834 tibi
534 786 639 833 sordida
651 800 711 832 rura

129 875 206 938 atque
219 859 323 922 humilis
336 857 453 923 habitare
467 889 538 923 casas
552 875 667 934 elligere
681 888 768 922 cervos

76 967 109 1010 30
128 963 322 1024 haedorumque
335 976 440 1024 gregem
452 963 526 1009 viridi
541 962 694 1024 compellere
707 962 815 1010 hibisco.

128 1064 228 1098 meeum
241 1064 294 1096 una
305 1050 331 1096 in
345 1050 414 1097 silvis
428 1050 560 1098 imitabere
574 1051 647 1097 Pana
660 1051 785 1098 canendo.

127 1137 182 1184 Pan
195 1138 292 1200 primus
306 1139 419 1185 calamos
432 1153 491 1186 cera
504 1122 661 1198 coniungere
674 1138 754 1200 pluris

128 1225 246 1284 instituit,
261 1225 317 1272 Pan
330 1234 403 1274 curat
416 1227 468 1273 ovis
483 1227 620 1288 oviumque
633 1226 778 1286 magistros.

128 1327 176 1361 nee
189 1320 213 1360 te
225 1314 356 1375 paeniteat
369 1315 469 1362 calamo
483 1314 581 1362 trivisse
594 1314 731 1361 labellum:

75 1405 107 1447 35
128 1384 191 1448 haec
205 1396 294 1465 eadem
306 1393 335 1448 ut
346 1385 422 1450 sciret
435 1402 496 1464 quid
515 1418 567 1449 non
586 1402 696 1450 faciebat
708 1403 853 1464 Amyntas?

127 1495 165 1535 est
177 1489 240 1535 mihi
254 1475 397 1564 disparibus
410 1497 507 1560 septem
522 1497 656 1551 compacta
669 1490 736 1538 cient
738 1491 758 1537 is

127 1576 221 1634 fistula,
236 1576 377 1625 Damoetas
391 1578 460 1624 dono
473 1577 536 1625 mihi
550 1593 628 1639 quam
642 1579 712 1625 dedit
725 1580 787 1626 olim

128 1669 153 1710 et
165 1650 230 1710 dixit
242 1664 354 1737 moriens
363 1648 407 1711 “te
421 1679 489 1713 nunc
502 1664 625 1712 habet't
592 1673 625 1711 ist
627 1680 642 1712 a
654 1659 823 1713 secundnmf'

127 1750 192 1797 dixit
203 1730 353 1830 Damoetas,
368 1733 460 1798 invidit
472 1753 564 1798 stultus
577 1754 711 1814 Amyntas

74 1841 107 1883 40
126 1843 259 1898 praeterea
272 1827 323 1884 dno
337 1824 384 1912 nee
397 1844 451 1885 tuta
463 1839 526 1917 mihi
540 1839 607 1887 valle
620 1841 711 1901 reperti

127 1923 248 2002 capreoli,
264 1925 358 1986 sparsis
373 1908 450 2002 etiarn¹
458 1939 531 1996 ιιιιιιο
544 1926 654 1987 pellibus
668 1927 743 1986 albo,

126 1994 187 2082 bina
199 1992 240 2076 die
253 1995 352 2091 siccant
364 1998 417 2058 ovis
416 1991 525 2070 hbera3
546 2028 611 2074 quos
625 2014 669 2061 tihi
684 2029 765 2062 servo

126 2099 178 2146 iam
191 2082 291 2176 pridem
305 2113 375 2169 arne
385 2078 444 2147 illos
459 2098 586 2148 abdircere
599 2086 726 2164 Thestylis
741 2111 813 2161 orat;

126 2192 151 2232 et
163 2186 248 2264 iaciat,
260 2188 423 2267 quoniam
401 2166 506 2234 sordent
518 2174 563 2235 tibi
577 2204 684 2237 munera
697 2198 793 2238 nostra.

73 2277 106 2319 45
126 2256 181 2351 huc
189 2257 259 2333 ades,
275 2288 290 2321 o
303 2275 415 2322 formose
427 2291 506 2341 puer:
528 2260 573 2323 tihi
588 2277 643 2324 lilia
655 2279 739 2340 plenis

126 2374 185 2408 eece
197 2361 283 2408 ferunt
295 2342 421 2425 nymphae
436 2364 553 2424 calathis,
569 2365 614 2413 tibi
629 2367 817 2427 candidantis,

126 2447 246 2508 pallentis
260 2449 341 2496 violas
355 2458 381 2498 et
393 2466 494 2499 summa
506 2468 635 2516 papavera
647 2470 764 2518 carpens,

125 2534 266 2582 narcissum
280 2543 305 2584 et
316 2537 405 2585 florem
417 2539 502 2601 iungit
514 2540 579 2588 bene
593 2543 685 2590 olentis
699 2544 796 2601 anethi,

126 2627 188 2683 tum,
204 2623 274 2671 casia
286 2629 363 2686 atque
376 2625 433 2673 aliis
446 2627 564 2676 intexens
577 2629 698 2677 suavibus
711 2630 806 2689 herbis,
