1808 2956
348 125 467 166 ECLOGA
485 127 526 166 ΙΙΙ.

108 286 166 348 ipse
179 285 274 343 losum,
290 284 440 346 aeriaeque
454 297 605 345 congessere
618 282 762 345 palumbes.

54 379 89 425 70
108 391 138 422 ru.
162 372 238 432 Quod
251 372 333 435 potui,
350 386 430 434 puero
444 372 552 419 silvestri
566 387 598 419 ex
611 371 703 420 arbore
716 373 784 420 loeta

109 477 190 511 aurea
202 463 272 509 mala
284 461 373 509 deoem
386 460 444 507 misi
455 476 461 519 3
482 475 537 507 oras
551 462 633 508 altera
646 461 756 508 mittam.

146 566 173 597 ο.
196 548 218 598 Ο
233 550 351 612 quotiens
365 556 468 610 el-quae
481 548 556 595 nobis
570 545 679 595 Galatea
691 547 817 596 locutastl

108 647 209 702 partem
223 639 346 700 aliquam,
362 637 439 696 venti,
454 637 540 684 divom
553 635 668 683 reseratis
681 636 714 683 ad
727 637 805 683 auris.

109 744 137 775 u.
161 725 229 786 Quid
242 726 346 789 prodest
358 726 427 788 quod
440 739 481 772 me
494 724 549 786 ipse
561 724 649 771 animo
661 739 714 771 non
726 725 835 787 spernis,

411 815 533 874 Amynta,

56 909 88 953 75
110 904 141 962 si,
158 903 219 950 dum
232 910 259 949 tu
272 902 376 951 sectaris
390 917 475 964 apros,
491 916 539 963 ego
553 902 618 949 retia
631 901 722 950 servo?

147 1007 174 1038 1).
196 991 317 1053 Phyllida
327 991 399 1039 mitro
411 991 487 1038 mihi:
503 1005 574 1039 meus
587 997 624 1038 est
635 991 739 1049 natalis,
753 991 837 1051 Iolla3

111 1095 171 1128 eum
184 1080 277 1127 lireiam
289 1081 370 1127 vitula
382 1093 429 1142 pro
442 1078 568 1140 frugibus,
584 1079 638 1141 ipso
651 1079 746 1127 venito.

110 1185 139 1216 ar.
162 1167 283 1230 Phyllida
302 1183 361 1215 amo
381 1174 440 1215 aute
459 1167 539 1214 alias:
567 1182 628 1215 nam
647 1182 688 1215 me
707 1167 838 1216 discedere

411 1256 488 1314 flevit,

109 1352 136 1394 et
148 1346 257 1405 longum
265 1334 397 1403 ‘formosa
414 1345 478 1402 vale,
494 1337 558 1392 vale’
571 1345 663 1407 inquit,
676 1335 774 1392 ‘Iolla'

55 1441 89 1483 80
147 1450 174 1482 υ.
196 1433 279 1481 Triste
286 1435 362 1496 lupus
368 1433 484 1492 stabulis,
494 1433 600 1480 maturis
609 1433 724 1494 liugibus
733 1432 837 1492 imbres,

109 1521 246 1570 arboribus
259 1522 335 1580 venti,
350 1521 425 1568 nobis
439 1522 606 1584 Amaryllidis
619 1523 681 1570 irae.

109 1627 139 1658 ru.
161 1610 245 1658 Dulce
258 1611 319 1657 satis
332 1625 415 1668 umor,
432 1610 545 1672 depulsis
558 1610 664 1658 arbutus
677 1610 777 1671 haedis,

111 1701 184 1747 lento
196 1699 263 1746 salix
276 1699 327 1746 leto
340 1699 436 1761 pecori,
452 1699 515 1746 mihi
529 1700 599 1746 solus
613 1700 747 1760 Amyntas.

145 1803 173 1834 o.
195 1788 270 1835 Polio
290 1795 360 1834 amat
378 1793 508 1846 nostram,
536 1788 651 1849 quamvis
675 1794 715 1835 est
733 1787 837 1846 rustica,

413 1890 529 1922 musam:

57 1971 91 2012 85
112 1964 236 2022 Pierides,
251 1964 358 2011 vitulam
371 1964 460 2012 lectori
474 1965 571 2027 pascito
584 1970 677 2012 vestro.

111 2068 140 2100 m.
161 2052 237 2099 Polio
245 2052 606 2114 etipsesacitnovaearmina:
620 2052 837 2114 pasoitetaurum,
880 2104 883 2109 ,

110 2142 164 2188 iam
177 2155 258 2188 cornu
271 2148 343 2202 potat
356 2141 501 2203 etpedibus
515 2141 559 2203 qui
572 2147 677 2202 spargat
693 2140 825 2188 harenam.

148 2244 175 2275 ο.
198 2227 248 2287 Qui
261 2236 299 2288 te,
319 2229 408 2288 Polio,
431 2237 512 2287 amat,
534 2228 620 2276 veniat
633 2243 684 2290 quo
698 2235 722 2276 te
736 2244 840 2293 quoque

412 2318 522 2379 gaudet3

111 2406 191 2453 mella
203 2405 284 2452 fluant
296 2405 344 2464 illi,
360 2405 425 2453 ferat
438 2413 463 2453 ot
476 2405 553 2452 rubus
567 2419 641 2467 asper
655 2420 794 2453 amomum.

58 2498 92 2541 90
112 2509 141 2541 u.
165 2491 331 2551 QuiBovium
338 2507 390 2540 non
403 2493 466 2551 odit,
481 2493 730 2551 amettuacarmina,
744 2491 838 2549 Maeui,

111 2590 190 2643 atque
204 2581 272 2629 idem
285 2581 376 2643 iungat
388 2582 475 2644 volpes
488 2588 513 2630 et
525 2581 787 2645 muxlgeaelixruuos.
