1808 2956
64 183 121 230 100
298 188 324 229 P.
341 189 463 229 VERGILI
482 185 613 226 MARONIS

130 355 265 410 postquam
285 352 376 394 exiista
393 345 483 407 palus,
508 350 641 405 terraeque
661 342 754 391 ardere
774 342 855 390 dehis·

430 438 499 492 cunt,

130 523 203 571 exilit
215 523 242 570 in
256 523 352 570 siccum
366 528 391 570 et
402 521 562 569 flammantia
575 521 674 568 lumina
687 527 809 583 torquens

129 611 209 660 saevit
221 611 289 672 agris
303 624 427 672 asperque
440 609 481 657 siti
495 615 572 670 atque
585 608 719 656 exterritus
734 617 814 657 aestu.

59 705 109 748 435
129 715 177 748 nec
189 699 252 746 mihi
265 706 319 746 tum
332 698 424 746 molles
437 697 484 745 sub
499 697 557 743 divo
571 711 676 758 carpere
689 711 795 745 somnos

129 802 180 836 neu
194 788 270 835 dorso
283 787 395 835 nemoris
408 785 488 834 libeat
500 785 610 833 iacuisse
624 799 669 847 per
681 785 784 845 herbas,

131 891 188 924 cum
202 876 291 938 positis
304 889 385 922 noves
399 874 496 923 exuviis
509 873 656 935 nitidusque
670 873 775 922 iuventa

130 965 248 1022 velvitur,
264 970 308 1011 aut
321 964 420 1011 catulos
433 961 506 1010 tectis
520 967 564 1008 aut
576 976 625 1009 eva
639 961 796 1023 relinquens,

130 1052 224 1098 arduos
238 1051 270 1098 ad
284 1051 365 1098 solem
379 1057 404 1099 et
417 1051 512 1112 linguis
526 1050 605 1097 micat
617 1064 662 1097 ere
675 1051 796 1099 trisulcis.

60 1144 111 1186 440
166 1127 317 1186 Morborum
331 1153 433 1201 quoque
447 1146 471 1187 te
485 1153 575 1186 causas
589 1144 614 1185 et
627 1137 703 1200 signa
715 1140 823 1188 docebo.

130 1228 211 1289 turpis
225 1227 278 1274 ovis
292 1233 400 1288 temptat
412 1226 520 1285 scabies,
536 1226 578 1273 ubi
593 1225 702 1287 frigidus
715 1227 797 1275 imber

130 1315 207 1362 altius
221 1316 252 1363 ad
266 1315 350 1362 vivom
364 1315 475 1377 persedit
487 1323 512 1363 et
524 1314 631 1362 horrida
643 1329 709 1362 cano

130 1403 221 1451 bruma
233 1404 303 1464 gelu,
318 1403 358 1450 vel
372 1418 430 1451 cum
443 1403 524 1451 tonsis
538 1402 634 1450 inlotus
649 1403 768 1454 adhaesit

129 1491 207 1538 sudor
220 1498 245 1538 et
257 1490 347 1538 hirsuti
361 1498 497 1540 secuerunt
510 1505 619 1552 corpora
632 1505 729 1554 vepres.

59 1584 109 1625 445
130 1579 248 1626 dulcibus
261 1579 358 1626 idcirce
371 1580 453 1627 fluviis
467 1594 544 1642 pecus
558 1593 634 1626 omne
647 1579 764 1640 magistri

129 1667 286 1729 perfundunt
298 1668 407 1730 udisque
420 1669 486 1716 aries
499 1667 526 1714 in
539 1667 640 1728 gurgite
652 1666 721 1714 villis

129 1763 255 1803 mersatur
266 1756 409 1818 missusque
423 1756 536 1804 secundo
551 1756 638 1803 defluit
652 1755 736 1815 amui3

130 1850 175 1891 aut
187 1851 289 1891 tonsum
302 1843 367 1891 tristi
381 1845 553 1905 continguont
566 1858 659 1905 corpus
673 1859 782 1906 amurga

76 1965 80 1971 -
129 1937 154 1979 et
166 1946 270 1993 spumas
283 1933 392 1980 miscent
404 1932 503 1993 argenti
518 1939 542 1979 et
555 1933 663 1994 sulpura
674 1931 732 1980 viva

59 2024 109 2066 450
128 2020 271 2082 Idaeasque
284 2021 353 2083 pices
367 2026 392 2066 et
404 2019 507 2082 pinguis
522 2021 636 2080 unguine
650 2035 721 2068 ceras

129 2108 851 2171 scillamqueelleborosquegravisnigrumquebitumen.

128 2209 181 2242 nen
195 2203 281 2244 tamen
295 2197 350 2243 ulla
362 2197 444 2258 magis
458 2211 578 2258 praesens
591 2197 696 2245 fortuna
713 2199 855 2248 laborumst
898 2192 900 2197 ’

129 2299 207 2346 quam
220 2284 300 2346 siquia
314 2284 380 2332 ferre
394 2285 478 2346 potuit
490 2284 634 2333 rescindere
647 2300 776 2335 summum

128 2372 222 2419 ulceris
236 2387 279 2420 os:
301 2373 380 2420 alitur
391 2372 481 2420 vitium
494 2373 605 2434 vivitque
618 2375 739 2435 tegendo,

58 2464 108 2506 455
130 2460 191 2507 dum
203 2460 316 2508 medicas
330 2460 452 2508 adhibere
464 2476 555 2508 manus
570 2462 601 2508 ad
615 2463 721 2512 volnera
734 2472 823 2527 paster

129 2547 241 2608 abnegat
254 2555 299 2596 aut
310 2549 419 2596 meliora
432 2549 494 2596 dees
507 2550 579 2598 sedet
591 2551 680 2598 emina
692 2567 811 2614 poscens.

129 2635 191 2721 quin
205 2636 291 2695 etiam,
306 2637 358 2684 ima
371 2637 448 2684 dolor
461 2637 594 2685 balantum
607 2639 695 2701 lapsus
709 2641 742 2687 ad
756 2655 815 2689 ossa
