1808 2956
307 183 458 224 AENEIDOS
476 185 562 224 LIBER
577 187 607 225 11.
798 179 854 224 16ΐ

127 341 291 403 convertant)
298 341 394 389 Priami
405 342 513 404 imperio
521 342 717 406 Phrygibusque
729 344 856 402 futurnm;

127 431 169 479 sin
182 430 301 478 manibus
314 431 402 478 vestris
416 440 526 478 vestram
539 433 696 480 ascendisset
713 433 740 478 in
757 432 855 490 urbem,

127 520 197 567 ultro
211 519 302 567 Asiam
314 534 410 580 magno
423 519 537 582 Pelopea
551 521 582 566 ad
596 521 699 568 moenia
712 520 782 568 bello

127 615 263 656 venturam
275 616 300 655 et
313 616 414 655 nostros
428 623 458 655 ea
471 608 525 655 fata
537 623 640 656 manere
654 602 779 672 nepotes,³

56 703 106 746 195
165 696 273 744 Talibus
287 697 387 743 insidiis
402 697 549 759 periurique
563 705 617 744 arte
631 696 736 745 Sinonis

130 785 228 834 credita
241 800 280 832 res
295 785 415 847 captique
429 785 496 832 dolis
509 786 673 848 lacrimisque
688 785 784 834 coactis

129 888 195 936 quos
208 888 292 936 neque
305 874 418 936 Tydides
432 889 480 922 noc
493 874 630 923 Larisaeus
644 875 770 931 Achilles,

129 977 183 1010 non
196 963 257 1010 anni
272 963 394 1010 domuere
408 963 504 1020 decem,
524 978 577 1010 non
589 964 661 1012 mille
675 963 786 1011 carinae.

165 1050 214 1099 Hic
228 1051 298 1099 aliud
313 1051 396 1098 mains
409 1051 508 1099 miseris
523 1053 656 1115 multoque
669 1052 831 1100 tremcndum

58 1145 109 1188 200
130 1139 240 1188 obicitur
252 1141 335 1201 magis
349 1148 425 1202 atque
439 1140 575 1202 inprovida
587 1148 693 1204 pectora
706 1141 799 1189 turbat.

129 1228 263 1285 Laocoon,
280 1229 370 1276 ductus
384 1227 503 1291 Neptuno
518 1238 585 1277 sorte
599 1231 729 1288 sacerdos,

130 1318 262 1365 sollemnis
277 1325 379 1364 taurum
393 1317 524 1378 ingentem
537 1318 667 1366 mactabat
680 1319 712 1366 ad
726 1333 792 1366 aras.

130 1420 189 1454 eece
203 1414 288 1454 antem
302 1405 399 1467 gemini
413 1422 428 1453 a
441 1405 547 1454 Tenedo
561 1407 702 1470 tranquilla
714 1421 760 1469 per
773 1406 825 1453 alta

131 1493 264 1556 (horresco
278 1494 402 1555 referens)
416 1495 539 1542 inmensis
553 1495 657 1542 orbibus
672 1510 768 1556 angues

60 1587 111 1631 205
131 1582 284 1630 incumbunt
296 1583 389 1645 pelago
403 1583 549 1645 pariterque
564 1584 595 1630 ad
610 1584 687 1631 litora
700 1583 823 1630 tendunt:

131 1679 237 1734 pectora
250 1686 359 1733 quorum
373 1671 439 1718 inter
452 1671 543 1718 fluctus
557 1680 656 1719 arrecta
669 1671 797 1733 iubaeque

131 1759 289 1821 sanguineae
302 1766 423 1821 superant
437 1760 527 1816 undas,
543 1774 602 1821 pars
617 1768 701 1808 cetera
714 1767 822 1822 pontum

131 1862 199 1909 pone
213 1848 276 1909 legit
289 1848 427 1909 sinuatque
441 1848 559 1895 inmensa
570 1847 702 1895 volumine
715 1855 797 1908 terga.

132 1935 160 1983 fit
172 1937 271 1984 sonitus
285 1944 421 1999 spumante
434 1937 499 1984 salo.
527 1936 630 1997 iamque
644 1951 703 1983 arva
716 1935 838 1984 tenebant

61 2029 113 2072 210
133 2025 297 2087 ardentisque
311 2026 401 2073 oculos
415 2024 515 2072 suffecti
528 2024 653 2085 sanguine
667 2032 691 2073 et
703 2024 758 2086 igni

133 2112 210 2161 sibila
223 2113 373 2162 lambebant
386 2113 481 2174 linguis
495 2113 654 2160 vibrantibus
669 2129 722 2161 ora.

134 2202 281 2263 diffugimus
294 2203 349 2249 visu
363 2216 502 2263 exangues.
530 2201 568 2249 illi
583 2202 685 2262 agmine
699 2209 767 2250 certo

132 2289 285 2338 Laocoonta
297 2299 401 2353 petunt:
422 2298 447 2339 et
459 2290 570 2352 primum
583 2305 662 2352 parva
676 2290 786 2337 duorum

134 2394 243 2441 corpora
256 2387 375 2426 natorum
389 2394 493 2441 serpens
508 2378 642 2441 amplexus
655 2386 763 2441 uterque

63 2472 114 2515 215
134 2468 243 2530 inplicat
256 2475 281 2516 et
293 2468 401 2514 miseros
414 2482 501 2514 morsu
516 2467 663 2528 depascitur
677 2474 763 2523 artus3

134 2563 193 2619 post
204 2556 296 2618 ipsum,
313 2556 412 2605 auxilio
426 2555 586 2607 subeuntem
598 2572 632 2606 ae
642 2556 702 2606 tela
711 2554 861 2602 letantem„

125 2644 269 2705 corripiunt
280 2645 419 2713 spirisque
432 2650 524 2716 ligant
537 2648 706 2715 ingentibus
720 2641 824 2690 etnam
