1808 2956
58 163 117 211 526
295 177 320 214 r.
338 176 457 214 rurum]
479 175 612 215 aaronis

125 330 216 378 videbo
230 330 368 379 habentem
382 340 482 394 praeter
494 332 602 393 ignavos
616 333 682 380 nihil

126 419 216 468 fratres
230 427 255 467 et
267 421 360 468 iratum
373 421 462 469 Iovem¹

125 509 284 571 scissumque
298 517 412 557 ventrem
425 518 450 558 et
462 510 575 558 herniosi
589 511 674 572 patrui

73 602 106 644 40
127 598 205 659 pedes
219 599 306 646 inedia
319 599 443 660 turgidos.

126 774 153 822 si
167 775 228 822 mihi
243 783 389 838 susceptum
403 775 480 824 fuerit
493 775 627 823 decurrere
643 791 746 835 munus,

162 880 176 911 o
191 864 309 926 Paphon,
325 879 340 911 o
354 865 426 912 sodes
441 879 507 927 quae
521 863 585 911 colis
597 863 704 922 Idalias,

125 952 218 1000 Troius
232 954 334 1001 Aeneas
347 953 466 1001 Romana
478 967 524 1014 per
537 952 633 1014 oppida
646 953 727 1013 digno

160 1042 212 1088 iam
226 1042 329 1089 tandem
343 1050 371 1088 ut
384 1049 467 1090 tecum
482 1041 595 1089 carmine
608 1049 695 1088 vectus
708 1047 759 1099 eat,

90 1135 104 1177 5
125 1145 176 1177 non
191 1145 239 1192 ego
254 1138 309 1178 ture
322 1132 400 1178 modo
414 1138 458 1177 aut
471 1131 539 1192 pieta
553 1139 597 1178 tua
609 1130 707 1191 templa
721 1129 813 1177 tabella

161 1219 259 1266 ornabo
274 1228 298 1266 et
312 1219 381 1280 puris
394 1226 462 1266 serta
475 1219 556 1266 feram
569 1218 706 1276 rnenihus3

127 1307 245 1367 corniger
258 1307 327 1355 haud
342 1308 407 1355 aries
421 1307 535 1365 humilis,
552 1307 595 1354 sed
610 1307 726 1355 maxima
738 1314 821 1354 taurus

161 1395 264 1443 victima
276 1403 391 1443 sacratos
405 1404 509 1459 sparget
523 1396 621 1443 honore
634 1395 716 1453 focos,

126 1499 336 1546 marmoreusque
349 1484 405 1545 tibi,
421 1485 478 1543 dea,
494 1485 566 1532 mille
579 1484 712 1532 coloribus
726 1486 778 1533 ales

75 1578 106 1620 lo
162 1573 187 1621 in
201 1586 298 1620 morem
311 1573 380 1634 pieta
393 1573 471 1621 stabit
484 1575 565 1620 Amor
581 1573 711 1635 pharetra.

126 1664 203 1720 adsis,
221 1678 235 1709 o
250 1661 392 1724 Cytherea:
415 1669 472 1708 tuus
485 1670 510 1709 te
524 1661 622 1710 Caesar
635 1660 749 1724 Olympo

162 1760 187 1799 et
201 1751 345 1798 Surrentini
360 1750 441 1797 litoris
456 1765 502 1798 ora
514 1758 597 1798 vocat.

428 1838 485 1885 VII.

125 1927 245 1985 Itoniae,
261 1928 351 1975 inanes
365 1928 399 1975 ite
413 1927 544 1974 rhetorum
558 1927 699 1989 ampullae,

126 2017 216 2063 inflata
229 2032 285 2063 rore
300 2031 351 2062 non
365 2016 481 2063 Achaico
496 2016 580 2076 rerba,

126 2111 150 2152 et
164 2119 217 2163 vos,
235 2107 352 2168 Stiloque
365 2106 536 2168 Tarquitique
549 2105 694 2166 Vurroque,

126 2193 340 2242 scholasticorum
354 2196 424 2241 natio
438 2194 544 2240 madens
558 2193 658 2254 pingui,

92 2287 105 2328 5
126 2282 160 2329 ite
174 2283 243 2340 hine,
259 2283 336 2331 inane
350 2283 485 2345 cymbalon
500 2281 646 2329 iuventutis.

127 2378 214 2432 tuque,
231 2388 245 2418 ο
260 2387 375 2420 mearum
388 2386 474 2429 eausa,
491 2370 578 2429 Sexte,
594 2384 724 2428 curarum,

125 2461 191 2518 vele,
208 2460 319 2517 Sabine3
339 2461 496 2517 inminuere,
512 2459 628 2506 formosi.

122 2564 172 2599 nos
184 2550 218 2600 ad
234 2550 322 2600 beatos
336 2549 394 2598 vela
405 2549 528 2596 mittimus
542 2555 640 2610 portus,

107 2645 204 2710 magni
217 2651 342 2714 petentes
357 2643 439 2694 (loeta
452 2634 657 2700 dioaaSrraa'a„
