1808 2956
73 163 134 211 200
312 172 337 210 r.
355 170 477 209 vuaerur
496 169 627 208 nnaorus

142 328 361 390 caprigenumque
375 341 452 389 pecus
466 327 539 373 nullo
553 327 659 374 custode
673 340 718 388 per
732 325 832 372 herbas.

141 416 266 464 inruimus
280 415 347 463 ferro
361 422 386 463 et
399 415 470 462 divos
483 415 619 477 ipsumque
632 429 752 462 vocamus

140 506 168 553 in
180 512 280 568 partem
293 504 467 567 praedamque
480 503 583 561 lovem3
604 511 659 550 tum
672 503 746 549 litore
760 517 837 550 curvo

141 593 334 655 extruimusque
346 599 416 640 toros
434 592 596 655 dapibusque
613 592 748 653 epulamur
766 591 869 653 opimis.

72 688 123 731 225
143 689 170 730 at
181 681 281 731 subitae
294 681 415 729 horrifico
428 681 504 742 lapsu
517 680 548 726 de
561 680 692 727 montibus
706 680 801 727 adsunt

143 771 266 833 harpyiae
279 777 305 818 ct
317 770 418 831 maguis
432 768 553 832 quatiunt
566 768 731 829 clangoribus
744 770 798 815 alas

143 859 317 922 diripiuntque
330 859 410 921 dapes
424 864 595 919 contactuque
609 858 697 904 omnia
709 857 815 904 foedant

141 949 283 1007 inmuud03
303 953 358 994 tum
370 961 421 993 vox
434 953 543 994 taetrum
557 945 613 992 dira
625 945 692 993 inter
705 946 820 992 odorem.

141 1050 242 1083 rursum
254 1036 282 1082 in
295 1049 396 1083 secessu
409 1034 489 1095 longo
503 1033 549 1080 suh
564 1048 627 1095 rupe
641 1040 739 1091 cavata,

72 1129 123 1172 230
143 1123 277 1171 arboribus
291 1123 371 1171 clausi
385 1122 482 1170 circum
495 1131 572 1183 atque
584 1121 748 1169 horrentibus
763 1122 868 1181 umbris,

141 1211 291 1259 instruimus
303 1225 406 1258 mensas
419 1210 521 1272 arisque
534 1211 682 1272 reponimus
696 1211 796 1272 ignem:

141 1314 243 1347 rursum
256 1313 288 1347 cx
301 1298 400 1347 diverso
414 1298 479 1346 caeli
493 1298 627 1360 caecisque
640 1300 745 1347 latebris

141 1386 217 1434 turba
230 1401 325 1434 sonans
338 1388 462 1450 praedam
475 1386 583 1449 pedibus
601 1387 768 1435 circumvolat
785 1388 868 1445 uncis,

140 1475 236 1538 polluit
247 1490 292 1524 ore
305 1476 393 1539 dapes.
421 1475 497 1524 sociis
511 1484 581 1534 tunc,
597 1491 669 1522 arma
682 1486 826 1538 capessant,

71 1569 121 1612 235
140 1564 224 1623 edico,
240 1571 266 1613 et
278 1565 335 1612 dira
347 1564 445 1613 bellum
458 1579 517 1612 cum
529 1572 606 1626 geute
618 1565 768 1626 gerendum.

140 1653 209 1701 haud
222 1667 295 1701 secus
309 1669 340 1701 ac
352 1653 415 1700 inssi
427 1652 526 1700 faciunt
538 1660 671 1715 tectosque
684 1667 728 1715 per
741 1653 847 1701 herbam

141 1741 282 1804 disponunt
294 1756 367 1789 enses
381 1749 406 1789 et
418 1748 492 1788 scuta
504 1742 612 1790 latentia
625 1742 748 1789 condunt.

140 1844 202 1892 crgo
216 1829 260 1876 ubi
274 1830 395 1892 delapsae
408 1829 521 1876 sonitum
533 1845 580 1892 per
592 1845 670 1878 curva
683 1830 776 1878 dedere

141 1919 226 1977 litora,
242 1918 286 1965 dat
299 1919 402 1979 signum
414 1919 520 1979 specula
532 1918 646 1965 Misenus
660 1918 691 1965 ab
706 1917 759 1965 alta

69 2011 121 2054 240
141 2021 198 2054 aere
212 2020 285 2054 cavo.
318 2005 442 2052 invadunt
459 2007 522 2053 socii
541 2014 566 2054 et
585 2020 652 2053 nova
671 2007 770 2068 proelia
789 2014 871 2069 temp·

441 2101 505 2152 taut,

139 2182 265 2230 obscenas
278 2182 365 2244 pelagi
378 2181 446 2229 ferro
459 2183 564 2231 foedare
576 2183 702 2230 volucres.

139 2271 183 2318 sed
196 2284 280 2331 neque
293 2270 344 2316 vim
357 2271 452 2332 plumis
464 2271 546 2319 ullam
559 2285 607 2319 nec
620 2271 725 2319 volnera
737 2279 810 2332 tergo

139 2358 278 2420 accipiunt,
295 2358 422 2420 celerique
435 2359 498 2420 suga
509 2359 557 2406 sub
570 2360 656 2407 sidera
669 2360 757 2422 lapsae

138 2460 264 2494 semesam
276 2447 399 2508 praedam
412 2455 437 2495 et
449 2447 557 2508 vestigia
569 2447 646 2495 foeda
658 2448 795 2496 relincunt..

65 2539 118 2582 245
138 2550 191 2582 uua
203 2535 229 2582 in
240 2537 374 2597 praecelsa
386 2535 504 2584 consedit
516 2550 579 2597 rupe
592 2534 716 2594 Celaeno,

115 2618 216 2667 Jirlelir
230 2630 310 2685 rates,
326 2627 481 2692 rumpitque
494 2623 564 2675 hanc
576 2632 683 2691 pectore
693 2639 795 2673 rocem.
