1808 2956
299 203 448 242 aanarnos
468 204 556 242 urana
572 205 614 244 rx.
795 197 857 245 399

131 360 209 407 caede
223 361 309 408 locum
323 367 348 407 et
360 361 451 422 plenos
465 361 595 423 spumanti
608 361 734 422 sanguiue
747 362 823 410 rivos.

56 454 108 496 455
130 448 293 509 adgnoscunt
305 448 389 510 spolia
402 449 468 495 inter
481 463 508 496 se
520 450 676 511 galeamque
687 450 812 498 nitentem

128 536 240 599 Messapi
254 546 279 585 et
291 537 373 584 multo
387 536 507 599 phaleras
520 536 614 585 sudore
627 545 751 600 receptas.

163 624 196 672 Et
208 625 261 672 iam
273 625 357 687 prima
370 639 437 673 novo
450 625 588 686 spargebat
601 626 699 674 lumine
712 633 792 674 terras

128 712 234 761 Tithoni
249 728 368 762 croceum
381 715 501 775 linquens
515 715 618 760 Aurora
631 713 731 774 cubile3

128 801 179 848 iam
193 803 248 850 sole
261 802 356 861 infuso,
372 802 424 848 iam
437 802 512 849 rebus
526 802 583 850 luce
596 803 706 860 retectis,

56 894 108 937 460
128 890 230 937 Turnus
244 891 271 938 in
284 906 357 938 arma
369 891 446 949 viros,
462 890 539 937 armis
554 891 725 938 circumdatus
739 891 804 952 ipse,

128 979 243 1037 suscitat,
258 987 410 1041 aeratasque
424 979 491 1026 acies
505 979 531 1024 in
545 979 644 1040 proelia
658 960 728 1040 cogit

129 1067 238 1127 quisque
251 1082 309 1114 suas
322 1068 450 1130 variisque
464 1076 560 1115 acuont
572 1067 717 1115 rumoribus
731 1068 792 1115 iras.

130 1154 192 1215 quin
205 1155 261 1216 ipsa
274 1155 377 1203 arrectis
392 1155 458 1217 (visu
472 1155 630 1218 miserabile)
644 1156 671 1202 in
684 1156 765 1204 hastis

128 1242 274 1304 praefigunt
286 1243 371 1305 capita
384 1252 410 1292 et
421 1245 503 1291 multo
517 1245 629 1292 clamore
642 1252 764 1292 secuntur

56 1334 107 1377 465
127 1330 232 1393 Euryali
245 1339 271 1379 et
282 1331 345 1379 Nisi.

127 1421 268 1469 Aeneadae
281 1421 338 1467 duri
353 1435 485 1467 murorum
498 1420 525 1466 in
538 1429 611 1483 parte
624 1422 728 1469 sinistra

127 1522 271 1570 opposuere
285 1509 367 1556 aciem
381 1508 454 1570 (nam
467 1509 572 1557 dextera
586 1511 697 1571 cingitur
711 1509 793 1574 amni)

127 1595 291 1658 ingentisque
305 1605 393 1645 tenent
407 1597 486 1644 fossas
501 1604 526 1644 et
538 1598 649 1645 turribus
663 1599 721 1645 altis

128 1691 197 1730 stant
208 1686 315 1744 maesti;
336 1686 412 1734 simul
426 1700 472 1733 ora
485 1686 567 1733 virum
581 1687 694 1748 praefixa
707 1685 857 1743 movebant,

56 1775 108 1817 470
129 1778 192 1818 nota
204 1772 280 1820 nimis
294 1775 393 1822 miseris
408 1781 515 1836 atroque
529 1775 634 1822 fluentia
647 1774 716 1821 tabo.

162 1859 264 1908 Interea
276 1862 395 1923 pavidam
409 1862 519 1909 volitans
533 1862 640 1924 pinnata
652 1877 697 1925 per
711 1863 800 1910 urbem

126 1948 218 1995 nuntia
230 1948 310 1997 Fama
322 1951 373 1998 ruit
386 1950 526 2013 matrisque
540 1950 668 1999 adlabitur
682 1951 750 1998 auris

126 2035 240 2098 Euryali.
269 2044 295 2084 at
307 2037 406 2085 subitus
420 2039 528 2086 miserae
542 2040 613 2086 calor
626 2053 685 2086 ossa
698 2040 819 2101 reliquit3

126 2124 227 2171 excussi
241 2125 359 2172 manibus
373 2127 438 2172 radii
452 2127 620 2189 revolutaque
633 2142 721 2190 pensa.

54 2215 105 2258 475
127 2214 211 2259 evolat
223 2213 315 2262 infelix
328 2221 353 2262 et
365 2214 476 2262 femineo
490 2215 600 2274 ululatu,

127 2301 207 2348 scissa
221 2316 331 2359 comam,
347 2317 434 2350 muros
448 2317 536 2351 amens
551 2310 628 2365 atque
642 2304 748 2365 agmina
761 2319 837 2351 cursu

125 2389 209 2450 prima
222 2391 294 2452 petit,
310 2405 362 2437 non
376 2391 423 2438 illa
435 2392 526 2449 virum,
543 2406 595 2438 non
608 2393 655 2440 illa
667 2392 757 2455 pericli

126 2478 287 2540 telorumque
306 2493 420 2538 memor3
447 2481 547 2527 caelum
565 2479 658 2528 dehinc
672 2480 803 2543 questibus
817 2481 858 2526 in·

248 2623 249 2628 ¹
427 2568 489 2630 plet.

129 2652 199 2700 lruno
211 2667 260 2714 ego
275 2661 306 2714 te,
323 2655 449 2720 Euryale,
474 2656 596 2723 aspiciol
618 2664 688 2704 tune
697 2653 753 2699 'ube
764 2649 902 2694 aeneam
