1808 2956
83 165 147 212 208
325 175 490 214 P.vuuG1L1
510 175 641 214 lannoius

156 346 235 394 quam
247 332 326 379 semel
340 331 477 379 informem
489 341 561 379 vasto
575 333 669 380 vidisse
682 332 728 379 sub
744 341 818 380 otitro

156 417 270 480 Scyllam
284 426 309 466 et
321 420 445 467 caeruleis
459 420 565 468 canibus
579 422 727 469 resonantia
740 437 812 468 saxa.

155 517 296 571 praeterea,
312 508 388 571 siqua
400 517 438 556 est
451 508 550 557 Heleno
564 510 710 572 prudentia,
726 511 777 557 vati

155 598 230 660 siqua
243 598 314 658 tides,
331 599 445 645 animum
458 597 479 644 si
492 598 557 646 veris
571 598 653 660 inplet
666 599 773 660 Apollo,

81 691 135 734 435
155 701 236 735 unum
248 688 314 735 illud
328 687 388 745 tibi,
404 693 464 734 nate
477 687 540 745 dea,
556 702 654 749 proque
668 687 788 734 omnibus
802 703 884 736 unum

155 776 304 838 praedicam
323 784 348 824 et
366 781 483 837 repetens
502 775 647 837 iterumque
665 776 809 838 iterumque
829 792 884 824 mo·

457 863 532 910 nebo.

154 951 261 1000 Iunonis
275 967 385 1014 magnae
398 952 509 1014 primum
523 967 597 1014 prece
611 967 706 1000 numen
720 953 809 1009 adora,

154 1040 248 1087 Iunoni
263 1055 326 1088 caue
339 1048 398 1088 vota
411 1040 493 1089 libens
507 1041 691 1103 dominamque
705 1049 836 1102 potentem

156 1129 315 1190 supplicibus
329 1144 422 1191 supera
436 1130 526 1177 donis:
547 1130 584 1177 sic
597 1130 708 1191 denique
721 1130 802 1177 vietor

82 1220 136 1262 440
156 1215 291 1265 Trinacria
304 1218 362 1266 linis
375 1218 455 1266 Italos
468 1219 568 1266 mittere
581 1219 679 1266 relicta.

156 1303 206 1352 hue
220 1305 263 1352 ubi
278 1307 377 1355 delatus
391 1305 531 1368 Cymaeam
544 1307 680 1356 accesseris
693 1306 783 1353 urbem

155 1392 306 1456 divinosque
319 1396 391 1442 lacus
405 1403 430 1443 et
442 1397 545 1444 Averna
558 1396 677 1443 sonantia
689 1394 767 1451 silvis,

155 1481 274 1530 insanam
286 1492 370 1532 vatem
383 1484 501 1546 aspicies,
518 1499 585 1547 quae
597 1498 661 1546 rupe
673 1483 720 1530 sub
734 1483 786 1528 inm

155 1568 208 1618 fata
221 1573 291 1620 canit
304 1572 426 1635 foliisque
439 1580 514 1620 notas
528 1581 553 1621 et
566 1573 672 1619 uomina
684 1571 799 1618 mandat.

81 1661 134 1704 445
155 1673 332 1723 quaecumque
345 1662 372 1709 in
386 1662 454 1708 foliis
468 1662 603 1723 descripsit
616 1660 731 1708 carmine
742 1659 824 1720 virgo,

155 1747 248 1808 digerit
260 1750 287 1796 in
301 1765 436 1798 numerum
450 1757 527 1813 atque
545 1758 619 1798 antro
632 1749 734 1797 seclusa
746 1748 878 1810 relinquit.

154 1835 200 1882 illa
213 1846 319 1886 manent
331 1840 431 1887 inmota
444 1839 507 1886 locis
522 1853 605 1900 neque
618 1839 650 1885 ab
671 1837 760 1885 ordine
774 1839 877 1885 cedunt.

153 1937 241 1971 verum
255 1927 353 1985 eadem,
369 1943 442 1976 verso
456 1929 539 1976 tenuis
553 1943 612 1975 cum
625 1926 730 1974 cardine
743 1934 832 1975 ventus

153 2010 249 2073 inpulit
261 2023 286 2062 et
299 2023 399 2064 teneras
412 2017 524 2064 turbavit
537 2017 616 2063 ianua
628 2015 741 2072 frondes,

79 2099 132 2142 450
153 2112 295 2164 numquam
309 2105 403 2153 deinde
417 2120 479 2153 cavo
492 2105 628 2152 volitantia
640 2104 766 2166 prendere
780 2116 844 2151 seio

151 2201 199 2235 nec
212 2204 334 2241 revocare
347 2195 410 2242 situs
425 2194 588 2255 subiungere
601 2192 717 2240 carmina
730 2199 811 2240 curm.

149 2272 292 2329 inconsulti
307 2282 403 2331 abeunt
414 2283 554 2344 sedemque
567 2281 645 2329 odere
658 2279 782 2343 Sibyllae.

148 2360 193 2410 hic
206 2367 253 2414 tibi
266 2384 352 2432 nequa
364 2385 453 2419 morae
465 2371 561 2419 fuerint
574 2370 709 2432 dispendia
722 2370 795 2426 tanti,

147 2456 268 2508 quamvis
282 2459 435 2523 increpitent
447 2460 511 2508 socii
524 2469 549 2508 et
561 2461 584 2507 vi
598 2472 686 2508 cursus
699 2458 726 2504 in
740 2458 821 2505 altum

67 2531 123 2575 455
145 2537 208 2584 vela
220 2553 295 2593 vocet
308 2549 443 2611 possisque
455 2549 525 2596 sinus
539 2549 637 2611 inplere
650 2546 786 2603 secundos,

144 2625 212 2681 quin
227 2631 305 2682 adeas
318 2645 402 2685 vatem
415 2636 584 2700 precibusque
598 2636 705 2684 oracula
716 2649 818 2697 poscas.
