1808 2956
248 182 397 222 nanaroos
417 185 504 222 mara
523 185 563 223 v1.
742 176 800 222 317

26 345 54 388 50
76 346 154 400 atqua
168 338 209 386 hic
222 339 324 386 Aeneas
338 338 402 401 (una
415 354 527 402 namque
541 340 577 387 ire
591 340 692 388 videbat

75 427 209 488 egregium
222 427 305 475 forma
317 427 435 476 iuvenem
448 435 473 475 et
485 427 643 488 fulgentibus
657 429 743 484 armis,

76 515 122 564 sed
135 515 205 562 frons
218 517 287 564 laeta
299 531 390 578 parum
403 523 429 564 et
441 516 540 563 deiecto
553 515 652 563 lumina
665 517 746 579 voltu)

72 594 152 667 ‘quia
168 610 255 665 pater,
276 604 321 652 ille
334 605 415 651 virum
429 605 473 666 qui
486 604 523 651 sio
536 604 673 651 comitatur
685 604 805 652 euntem?

76 692 144 739 filius
158 705 225 738 anne
238 691 332 753 aliquis
345 706 440 752 magna
453 692 485 739 de
497 692 575 753 stirpe
589 693 729 753 nepotum?

26 786 55 830 55
76 780 134 842 quis
147 779 266 842 strepitus
284 759 353 828 eirea
370 780 508 827 comitum!
535 787 659 841 quantum
679 781 760 827 instar
777 781 804 828 in

377 868 450 929 ipso!

76 954 121 1002 sed
134 969 187 1002 nox
200 962 256 1002 atra
269 963 345 1017 caput
358 956 422 1003 tristi
436 955 604 1003 circumvolat
617 948 727 1002 umbra.'

75 1050 130 1090 tum
142 1049 215 1104 pater
227 1043 355 1092 Anchises
368 1043 481 1091 lacrimis
495 1043 625 1104 ingressus
640 1043 738 1090 obortis

75 1131 100 1178 ‘o
114 1137 200 1192 gnate,
216 1131 347 1192 ingentem
361 1132 457 1178 luctum
471 1146 503 1179 ne
517 1146 611 1193 quaere
624 1139 735 1178 tuorum.

77 1218 212 1266 ostendent
224 1219 296 1266 terris
310 1219 378 1267 hunc
391 1226 491 1266 tautum
503 1220 557 1267 fata
569 1234 653 1282 neque
666 1221 735 1268 ultra

26 1312 56 1356 lo
74 1320 130 1354 esse
142 1306 234 1354 sinent.
262 1307 371 1354 nimium
383 1307 455 1355 vobis
468 1308 586 1356 Romana
598 1322 716 1370 propago

74 1395 130 1441 visa
143 1401 243 1456 potens,
258 1396 357 1456 superi,
374 1396 479 1458 propria
490 1396 555 1444 haec
567 1396 588 1443 si
603 1397 672 1444 dona
684 1397 801 1444 fuissent.

76 1489 187 1545 quantos
199 1483 245 1530 ille
257 1484 340 1530 virum
352 1498 474 1545 magnam
486 1484 609 1532 Mavortis
623 1485 654 1531 ad
669 1484 759 1532 urbem

76 1585 182 1634 campus
195 1578 254 1631 aget
266 1572 390 1632 gemitus!
411 1572 451 1621 vel
465 1586 544 1633 quae,
560 1571 690 1629 Tiberine,
705 1572 803 1620 videbis

74 1658 173 1717 funera,
190 1674 248 1706 cum
261 1661 389 1707 tumulum
401 1659 590 1722 praeterlabere
602 1660 747 1708 recentem!

26 1753 54 1797 75
75 1761 122 1796 nec
135 1762 198 1810 puer
210 1748 291 1795 Iliaca
304 1748 441 1809 quisquam
455 1748 485 1795 de
498 1754 575 1808 gente
588 1747 696 1795 Latinos

74 1835 101 1882 in
114 1842 214 1882 tantum
227 1850 272 1897 spe
285 1836 359 1884 tollet
371 1850 432 1882 avos
445 1850 492 1883 nec
506 1834 617 1882 Romula
631 1835 763 1896 quondam

74 1924 129 1970 ullo
143 1938 170 1972 se
183 1930 283 1970 tantum
296 1924 371 1971 tellus
385 1922 491 1971 iactabit
504 1923 618 1970 alumno.

75 2011 124 2059 heu
137 2011 228 2074 pietas,
243 2011 294 2059 heu
307 2011 392 2074 prisca
404 2011 475 2068 fides,
490 2011 636 2072 invictaque
650 2011 719 2059 bello

74 2099 195 2147 dextera!
216 2113 268 2146 non
281 2098 320 2145 illi
334 2112 361 2146 sa
374 2098 510 2160 quisquam
523 2099 620 2160 inpune
633 2099 732 2147 tulisset

26 2191 54 2236 30
75 2186 164 2235 obvius
178 2193 286 2244 armato,
302 2201 346 2234 seu
360 2200 418 2233 cum
432 2187 510 2248 pedes
522 2186 571 2234 iret
583 2186 610 2234 in
624 2186 723 2234 hostem

74 2289 119 2323 seu
132 2275 275 2337 spumantis
289 2273 348 2335 equi
361 2273 461 2322 foderet
474 2273 616 2322 calcaribus
630 2289 724 2322 armos.

74 2362 124 2411 heu
137 2362 282 2410 miserande
295 2376 366 2424 puer,
381 2362 457 2423 siqua
468 2361 522 2410 fata
535 2376 625 2424 aspera
638 2376 751 2425 rumpaS,

74 2456 102 2497 tu
115 2450 253 2498 Marcellus
266 2450 324 2498 eris.
352 2447 470 2496 manibus
484 2449 542 2496 date
555 2449 612 2496 lilia
624 2450 722 2512 plenis3

73 2552 216 2600 purpureos
229 2552 349 2601 spargam
361 2537 437 2584 flores
450 2536 615 2598 animamque
628 2537 731 2598 nepotis

26 2629 53 2671 35
70 2624 112 2671 bis
123 2625 215 2674 saltem
228 2626 400 2678 adcumulem
413 2626 494 2676 donis
507 2632 535 2676 et
544 2619 744 2686 {ungarium
