1808 2956
82 178 144 225 400
323 185 348 224 Ρ.
365 184 488 224 Veserm
508 183 638 223 nanetus

81 347 133 391 480
153 356 210 391 sera
222 357 295 391 meae
307 341 418 404 requies,
433 340 539 403 potuisti
553 340 670 402 linquere
683 341 779 400 solam,

153 431 282 479 crudelis?
302 444 349 478 nec
363 437 387 478 te
400 429 446 477 sub
461 436 533 476 tanta
546 428 661 490 pericula
674 429 785 478 missum

154 518 236 566 adfari
250 526 392 567 extremum
406 518 514 566 miserae
528 518 589 564 deta
602 515 678 578 copia
690 517 786 566 matri?

153 607 212 665 heu,
228 615 296 656 terra
307 608 398 668 ignota
411 606 518 655 canibus
531 605 592 652 data
605 603 703 666 praeda
716 605 817 654 Latims
898 616 900 620 ⁴

154 696 309 758 alitibusque
321 696 399 754 iaces,
415 709 462 743 nec
475 701 499 742 te
512 703 556 741 tua
569 693 658 741 funere
671 701 756 744 meter

81 789 133 833 485
153 785 264 847 produxi
277 784 388 847 pressive
401 785 490 832 oculos
504 789 549 831 aut
560 783 668 831 volnera
680 783 741 841 lesi,

153 881 221 922 veste
234 883 323 934 tegens
336 873 382 920 tibi
396 887 474 935 quam
487 879 574 920 noctes
588 870 681 919 festina
694 871 804 934 diesque

154 961 296 1024 urguebam
309 969 334 1010 et
346 962 398 1009 tela
412 975 485 1008 curas
499 959 604 1008 solabar
616 958 702 1007 anilis.

154 1064 205 1113 quo
219 1051 330 1112 sequar?
349 1056 394 1097 aut
406 1064 472 1112 quae
485 1062 555 1096 nnnc
567 1056 637 1095 artus
651 1047 795 1111 avolsaque
807 1063 884 1096 mem·

455 1138 501 1184 bra

154 1233 179 1273 et
192 1225 267 1274 funus
282 1227 396 1275 lacerum
409 1227 485 1274 tellus
498 1224 592 1273 habet?
611 1223 661 1272 hoc
673 1223 737 1272 mihi
752 1225 786 1275 de
799 1236 832 1284 te,

81 1319 134 1362 490
154 1323 222 1372 nate,
238 1315 335 1363 refers?
354 1315 404 1362 hoc
417 1330 474 1362 sum
487 1322 605 1375 terraque
618 1312 737 1374 marique
749 1315 855 1363 secuta?

154 1402 224 1464 figite
237 1418 286 1462 me,
302 1404 377 1465 siqua
390 1410 428 1450 est
440 1403 531 1464 pietas,
547 1402 573 1449 in
587 1415 628 1450 me
642 1401 731 1449 omnia
744 1402 797 1450 tela

155 1492 273 1550 conicite,
289 1509 304 1540 o
317 1490 415 1550 Rutuli,
431 1506 472 1539 me
486 1491 596 1553 primam
609 1488 737 1539 absumite
751 1489 835 1538 ferro:

154 1587 247 1640 uultu,
263 1595 357 1642 magne
370 1586 443 1642 pater
456 1580 550 1638 divom,
566 1579 695 1635 miserere,
711 1584 810 1642 tuoque

153 1669 264 1718 invisum
276 1670 326 1717 hoc
340 1669 445 1716 detrude
459 1675 536 1730 caput
549 1667 595 1715 sub
609 1667 719 1714 Tartara
732 1667 795 1724 telo,

82 1762 133 1805 495
154 1759 259 1820 quando
273 1758 348 1806 aliter
361 1770 462 1818 nequeo
476 1756 607 1804 crudelem
620 1755 774 1816 abrumpere
787 1748 883 1803 vitam'

154 1846 204 1894 hoc
216 1847 277 1895 fletu
291 1845 408 1894 concussi
422 1845 511 1903 animi,
527 1850 691 1905 maestusque
704 1857 750 1906 per
763 1845 848 1891 omnis

153 1934 173 1980 it
185 1935 305 1995 gemitus,
321 1941 424 1996 torpent
436 1933 561 1981 infractae
575 1932 608 1979 ad
621 1931 721 1994 proelia
734 1931 811 1981 vires.

153 2022 227 2070 illam
239 2023 419 2071 incendentem
433 2023 516 2070 luctus
530 2020 622 2068 Idaeus
636 2026 661 2068 et
672 2019 756 2067 Actor

153 2109 245 2158 Ilionei
258 2112 357 2159 monitu
372 2119 397 2158 et
408 2111 519 2157 multum
532 2107 690 2156 lacrimantis
704 2107 755 2157 Iuli

83 2202 134 2245 500
155 2198 296 2260 corripiunt
308 2199 425 2260 interque
438 2212 529 2245 manus
542 2196 589 2244 sub
604 2203 671 2244 tecta
684 2206 823 2258 reponunt.

189 2289 225 2334 At
237 2287 299 2334 tuba
312 2287 452 2335 terribilem
464 2286 577 2334 sonitum
590 2286 680 2347 procul
695 2298 755 2334 aere
769 2300 865 2335 canoro

153 2374 280 2438 increpuit
291 2391 297 2433 3
317 2375 433 2437 sequitur
446 2376 544 2422 clamor
557 2373 710 2436 caelumque
723 2375 847 2437 remugit.

153 2463 301 2511 adcelerent
314 2471 372 2512 acte
384 2463 480 2525 pariter
492 2462 620 2511 testudine
633 2461 723 2511 Volsci

152 2560 178 2599 et
190 2551 271 2599 fossas
284 2552 383 2612 inplere
396 2558 489 2612 parant
502 2566 532 2598 ac
546 2550 640 2598 vellere
652 2550 759 2599 vallum.

68 2644 124 2691 505
145 2639 287 2704 Quaerunt
298 2656 361 2708 pars
376 2641 478 2691 aditum
490 2647 517 2688 et
528 2638 607 2686 scalis
620 2639 760 2684 ascendere
768 2655 869 2694 munna,

27 2750 75 2773 *a
