1808 2956
324 183 349 222 Ρ.
366 183 488 222 l'ERGlLI
508 182 639 222 nanetus

154 349 212 402 post
223 339 310 386 valido
324 339 406 387 nitens
419 339 467 386 sub
480 340 595 402 pondere
608 339 711 402 faginus
724 341 781 389 axis

152 429 276 490 instrepat
289 435 313 476 et
326 429 427 475 iunctos
440 436 509 476 temo
521 429 608 477 trahat
620 444 710 478 aereus
723 430 801 478 orbis.

153 517 251 565 interea
262 518 324 579 pubi
337 517 479 565 indomitae
492 533 544 565 nou
557 518 677 578 gramina
689 526 790 566 tautum

86 611 133 654 175
153 621 201 654 nec
213 621 300 654 vescas
313 606 422 654 salicum
435 607 540 654 frondes
552 608 691 668 ulvamque
703 609 853 670 palustrem,

152 695 196 744 sed
210 695 338 742 frumenta
350 710 429 742 manu
443 711 532 758 carpes
545 703 615 755 sata3
637 711 684 745 nec
697 696 744 743 tibi
757 696 824 744 fetae

152 798 224 832 more
236 791 338 845 patrum
352 785 425 831 nivea
437 785 574 847 inplebant
585 785 738 833 mulctraria
750 799 851 843 vaccae,

153 872 197 920 sed
212 880 266 920 tota
279 873 304 918 in
319 873 407 920 dulces
420 882 573 922 consument
586 873 666 921 ubera
679 881 763 922 natos.

189 960 234 1007 Sin
248 961 280 1008 ad
295 961 364 1009 bella
376 963 459 1022 magis
472 963 586 1010 studium
599 970 749 1024 turmasque
763 961 855 1010 ferocis

85 1053 134 1096 180
154 1056 197 1096 aut
209 1050 313 1111 Alphea
326 1051 387 1096 rotis
401 1051 515 1112 praelabi
528 1052 636 1099 flumina
647 1051 725 1099 Pisae

153 1145 179 1184 et
191 1137 258 1184 loris
271 1138 298 1185 in
312 1139 371 1186 luco
385 1154 473 1186 currus
487 1141 586 1200 agitare
598 1140 720 1197 volantis,

155 1227 251 1288 primus
265 1228 323 1288 equi
338 1227 412 1274 labor
425 1236 463 1276 est
476 1229 577 1275 animos
591 1236 668 1290 atque
680 1243 755 1276 arma
767 1227 853 1274 videre

153 1315 296 1363 bellantum
309 1317 438 1378 lituosque
451 1318 504 1378 pati
518 1325 652 1378 tractuque
665 1323 813 1378 gementem

153 1403 218 1452 serre
231 1414 314 1451 rotam
328 1412 353 1452 et
365 1405 467 1452 stabulo
481 1406 567 1452 frenos
580 1405 670 1452 audire
682 1405 817 1463 sonantis;

86 1497 133 1539 185
156 1500 209 1539 tum
222 1493 305 1553 magis
319 1501 396 1555 atquc
409 1495 493 1555 magis
506 1495 608 1542 blandis
622 1494 737 1555 gaudere
749 1492 864 1555 magistri

154 1580 273 1627 laudibus
287 1589 313 1628 et
324 1583 431 1643 plausae
445 1584 558 1629 sonitum
571 1582 676 1630 cervicis
690 1597 787 1630 amare.

154 1677 231 1731 atque
244 1670 308 1718 haec
321 1671 373 1717 iam
385 1671 470 1732 primo
485 1671 607 1732 depulsus
621 1670 653 1716 ab
667 1670 746 1719 ubere
758 1670 848 1718 matris

154 1758 255 1817 audeat,
271 1760 350 1820 inque
363 1760 444 1807 ricem
458 1760 500 1807 det
513 1759 635 1807 mollibus
648 1773 696 1805 ora
708 1759 827 1821 capistris

154 1846 281 1894 invalidus
296 1849 424 1910 etiamque
438 1855 557 1906 tremens,
574 1848 651 1895 etiam
664 1847 761 1895 inscius
775 1847 839 1897 aevi.

86 1939 134 1982 190
154 1943 180 1982 at
193 1936 274 1982 tribus
288 1937 385 1984 exactis
398 1937 441 1983 ubi
456 1943 549 1997 quarta
562 1936 699 1984 accesserit
712 1944 793 1996 aetas,

154 2038 258 2087 carpere
272 2041 333 2072 mox
346 2040 437 2087 gyrum
450 2024 558 2087 incipiat
570 2024 747 2086 gradibusque
760 2038 853 2073 souare

154 2115 294 2176 conpositis
308 2114 443 2176 sinuetque
456 2114 557 2162 alterna
569 2113 703 2161 volumina
716 2128 819 2162 crumm

154 2203 238 2265 sitque
251 2203 378 2252 laboranti
392 2203 483 2250 similis
496 2219 502 2261 3
523 2210 577 2249 tum
590 2201 707 2250 cursibus
720 2217 806 2260 auras,

154 2298 208 2338 tum
225 2299 311 2351 vocet,
332 2307 362 2340 ac
374 2307 420 2354 per
433 2299 522 2354 aperta
534 2291 623 2339 volans
637 2305 683 2338 ceu
697 2290 764 2339 liber
775 2289 878 2339 habenis

86 2384 134 2426 195
155 2394 269 2442 aequora
281 2381 324 2428 vix
336 2396 438 2428 summa
449 2379 559 2440 vestigia
570 2386 652 2441 ponat
664 2379 775 2427 harena:

154 2469 238 2530 qualis
252 2469 423 2531 Hyperboreis
436 2469 534 2532 Aquilo
548 2483 607 2516 cum
620 2468 715 2515 densus
728 2469 760 2516 ab
774 2469 826 2517 oris

153 2556 279 2616 incubuit,
295 2555 468 2620 Scythiaeque
481 2558 578 2605 hiemes
592 2564 669 2620 atque
683 2557 757 2604 arida
770 2557 853 2605 differt

154 2645 260 2705 nubila3
281 2652 335 2693 tum
347 2652 446 2707 segetes
459 2646 527 2693 altae
540 2645 677 2708 campique
689 2652 808 2695 natantes
