1808 2956
227 190 374 229 turnines
399 191 485 228 urana
502 190 566 227 vm.
738 177 798 223 379

67 348 214 409 Aegyptum
228 347 344 409 viresque
358 345 471 394 Orientis
484 353 509 392 et
522 345 612 392 ultima
627 358 715 391 secum

66 436 162 482 Bactra
173 435 242 482 vehit
253 436 420 498 sequiturque
428 433 525 495 (nefas)
532 432 662 494 Aegyptia
672 431 797 480 coniunx.

67 538 120 571 una
133 538 222 572 omnes
235 538 308 571 ruere
322 538 352 570 ae
365 529 448 569 totum
461 535 581 584 spumare
594 520 706 569 reductis

11 619 44 661 90
67 612 218 660 convolsum
232 612 308 660 remis
321 611 461 672 rostrisque
475 609 628 657 tridentibus
642 622 748 670 aequor.

66 700 121 747 alta
134 707 239 761 petunt3
259 700 352 761 pelago
367 699 456 746 credas
469 698 560 745 innare
574 697 686 744 revolsas

66 787 195 849 Cycladas
210 796 254 835 aut
267 795 367 834 montes
381 799 534 834 concurrere
547 783 677 831 montibus
691 784 766 842 altos,

65 883 140 924 tanta
153 878 221 925 mole
235 877 280 923 viri
295 875 391 922 turritis
405 875 534 936 puppibus
548 875 654 920 instant.

65 972 176 1026 stuppea
188 965 293 1012 flamma
305 978 384 1011 mauu
398 963 494 1024 telique
507 962 612 1009 volatile
626 961 721 1008 ferrum

10 1061 40 1104 ³5
64 1053 205 1115 spargitur,
221 1068 282 1100 arva
294 1067 361 1099 nova
374 1051 504 1113 Neptunia
518 1051 596 1099 caede
609 1050 755 1096 rubescunt.

64 1141 158 1201 regina
171 1142 198 1187 in
211 1140 302 1187 mediis
315 1139 400 1201 patrio
413 1147 489 1186 vocat
501 1139 606 1200 agmina
618 1138 693 1185 sistro

63 1229 179 1277 necdum
192 1229 270 1276 etiam
283 1229 400 1289 geminos
415 1243 430 1274 a
443 1235 516 1289 tergo
529 1227 634 1289 respicit
646 1225 748 1287 anguis.

63 1317 289 1377 omnigenumque
302 1316 379 1362 douru
392 1323 507 1363 monstra
520 1323 545 1363 et
559 1316 666 1364 latrator
678 1314 781 1361 Anubis

63 1411 159 1454 contra
170 1403 317 1465 Neptunum
331 1409 356 1451 et
363 1403 490 1452 Venerem
505 1410 645 1466 contraque
656 1403 800 1451 Minervam

10 1502 39 1545 )0
61 1494 119 1541 tela
133 1498 230 1539 teuent.
258 1492 338 1539 saevit
351 1492 436 1539 medio
451 1493 477 1539 in
492 1492 631 1539 certamine
644 1491 746 1538 Mavors

61 1580 184 1629 caelatus
198 1578 265 1626 ferro
279 1580 415 1640 tristesque
428 1595 461 1627 ex
474 1580 577 1627 aethere
589 1579 679 1635 Dirae,

60 1676 89 1715 et
102 1666 187 1712 scissa
200 1667 315 1726 gaudens
329 1667 399 1714 vadit
410 1667 550 1714 Discordia
562 1667 643 1728 palla,

59 1768 148 1817 quam
164 1767 223 1799 cum
235 1756 379 1815 sanguineo
392 1755 508 1816 sequitur
519 1754 632 1801 Bellona
644 1752 760 1813 flagello.

56 1841 161 1892 Aetius
176 1839 240 1888 haec
253 1856 359 1890 cernens
374 1857 461 1889 areum
474 1840 625 1888 intendebat
637 1840 738 1901 Apollo
768 1835 771 1840 “

9 1941 32 1984 ι5
56 1933 196 1989 desuper:
218 1929 301 1975 omnis
315 1945 345 1978 eo
359 1937 454 1977 terrore
468 1930 601 1990 Aegyptus
615 1932 640 1974 et
652 1926 722 1985 Indi,

54 2016 153 2068 omnis
168 2013 264 2070 Arabs,
280 2031 369 2065 omnes
383 2016 515 2065 vertebant
527 2024 600 2075 terga
613 2013 719 2063 Sabaei.

54 2111 123 2171 ipsa
138 2101 277 2148 videbatur
290 2105 370 2152 ventis
384 2105 475 2166 regina
487 2104 584 2150 vocatis

54 2194 122 2242 vela
139 2189 203 2234 dare
217 2193 242 2233 et
254 2187 328 2237 laxos
342 2192 394 2239 iam
407 2193 510 2253 iamque
523 2190 652 2237 inmittere
666 2188 753 2238 funes.

53 2281 142 2330 illam
157 2275 227 2321 inter
239 2277 330 2325 caedes
344 2281 483 2341 pallentem
497 2286 579 2326 morte
594 2276 682 2322 futura

12 2381 31 2423 0
55 2368 170 2417 fecerat
183 2360 329 2422 ignipotens
343 2369 418 2415 undis
432 2375 457 2416 et
469 2367 566 2428 Iapyge
580 2361 650 2417 ferri,

55 2457 164 2506 contra
179 2453 264 2493 autem
278 2465 373 2513 magno
387 2460 543 2502 maerentem
558 2461 668 2509 corpore
681 2448 771 2496 Nilum

54 2538 282 2607 pandentemque
296 2540 367 2589 sinus
380 2550 405 2589 et
418 2550 473 2589 tota
485 2548 553 2588 veste
566 2541 708 2583 vocantem

53 2623 220 2677 caeruleum
232 2621 259 2667 in
271 2632 404 2684 gremium
414 2617 848 2689 latebrosaquebxxmxnauxetw
