<?xml version="1.0" encoding="UTF-8"?>
<!DOCTYPE html PUBLIC "-//W3C//DTD XHTML 1.0 Transitional//EN"
    "http://www.w3.org/TR/xhtml1/DTD/xhtml1-transitional.dtd">
<html xmlns="http://www.w3.org/1999/xhtml" xml:lang="en" lang="en">
 <head>
  <title>
</title>
<meta http-equiv="Content-Type" content="text/html;charset=utf-8" />
  <meta name='ocr-system' content='tesseract 3.04.00' />
  <meta name='ocr-capabilities' content='ocr_page ocr_carea ocr_par ocr_line ocrx_word'/>
</head>
<body>
  <div class='ocr_page' id='page_1' title='image "./pvergiliusmaro00virggoog/pvergiliusmaro00virggoog_0206.png"; bbox 0 0 1808 2956; ppageno 0'>
   <div class='ocr_carea' id='block_1_1' title="bbox 75 172 631 220">
    <p class='ocr_par' dir='ltr' id='par_1_1' title="bbox 75 172 631 220">
     <span class='ocr_line' id='line_1_1' title="bbox 75 172 631 220; baseline 0.002 -3"><span class='ocrx_word' id='word_1_1' title='bbox 75 172 136 219; x_wconf 75' lang='lat'>&#39;204</span> <span class='ocrx_word' id='word_1_2' title='bbox 316 181 341 219; x_wconf 88' lang='grc' dir='ltr'>Ρ.</span> <span class='ocrx_word' id='word_1_3' title='bbox 358 181 479 220; x_wconf 83' lang='lat' dir='ltr'>VEllGlLl</span> <span class='ocrx_word' id='word_1_4' title='bbox 500 181 631 220; x_wconf 81' lang='lat' dir='ltr'>MARONIS</span> 
     </span>
    </p>
   </div>
   <div class='ocr_carea' id='block_1_2' title="bbox 144 337 816 400">
    <p class='ocr_par' dir='ltr' id='par_1_2' title="bbox 144 337 816 400">
     <span class='ocr_line' id='line_1_2' title="bbox 144 337 816 400; baseline 0.001 -17"><span class='ocrx_word' id='word_1_5' title='bbox 144 337 231 400; x_wconf 75' lang='lat' dir='ltr'>scirpia</span> <span class='ocrx_word' id='word_1_6' title='bbox 244 338 379 385; x_wconf 80' lang='lat' dir='ltr'><strong>Achilleae</strong></span> <span class='ocrx_word' id='word_1_7' title='bbox 393 337 473 385; x_wconf 86' lang='lat' dir='ltr'>fastus</span> <span class='ocrx_word' id='word_1_8' title='bbox 486 338 655 400; x_wconf 87' lang='lat' dir='ltr'>iuvenemque</span> <span class='ocrx_word' id='word_1_9' title='bbox 668 338 816 400; x_wconf 85' lang='lat' dir='ltr'>superbum,</span> 
     </span>
    </p>
   </div>
   <div class='ocr_carea' id='block_1_3' title="bbox 74 426 874 1018">
    <p class='ocr_par' dir='ltr' id='par_1_3' title="bbox 74 426 874 1018">
     <span class='ocr_line' id='line_1_3' title="bbox 145 426 798 489; baseline -0.002 -16"><span class='ocrx_word' id='word_1_10' title='bbox 145 426 247 473; x_wconf 86' lang='lat' dir='ltr'>servitio</span> <span class='ocrx_word' id='word_1_11' title='bbox 261 426 362 485; x_wconf 86' lang='lat' dir='ltr'>enixae,</span> <span class='ocrx_word' id='word_1_12' title='bbox 378 426 500 486; x_wconf 84' lang='lat' dir='ltr'>tulimus;</span> <span class='ocrx_word' id='word_1_13' title='bbox 521 427 565 489; x_wconf 94' lang='lat' dir='ltr'>qui</span> <span class='ocrx_word' id='word_1_14' title='bbox 579 427 680 485; x_wconf 87' lang='lat' dir='ltr'>deinde,</span> <span class='ocrx_word' id='word_1_15' title='bbox 697 436 798 474; x_wconf 71' lang='lat' dir='ltr'>secutus</span> 
     </span>
     <span class='ocr_line' id='line_1_4' title="bbox 145 513 874 577; baseline 0.001 -16"><span class='ocrx_word' id='word_1_16' title='bbox 145 513 276 563; x_wconf 84' lang='lat' dir='ltr'>Ledaeam</span> <span class='ocrx_word' id='word_1_17' title='bbox 300 513 458 563; x_wconf 83' lang='lat' dir='ltr'>Hermionen</span> <span class='ocrx_word' id='word_1_18' title='bbox 483 514 757 576; x_wconf 78' lang='lat' dir='ltr'>Lacedaemoniosque</span> <span class='ocrx_word' id='word_1_19' title='bbox 788 516 874 577; x_wconf 68' lang='lat' dir='ltr'>hyme-</span> 
     </span>
     <span class='ocr_line' id='line_1_5' title="bbox 446 618 534 662; baseline 0 -12"><span class='ocrx_word' id='word_1_20' title='bbox 446 618 534 662; x_wconf 87' lang='lat' dir='ltr'>naeos,</span> 
     </span>
     <span class='ocr_line' id='line_1_6' title="bbox 143 691 874 754; baseline -0.001 -15"><span class='ocrx_word' id='word_1_21' title='bbox 143 706 186 741; x_wconf 88' lang='lat' dir='ltr'>me</span> <span class='ocrx_word' id='word_1_22' title='bbox 197 691 297 739; x_wconf 81' lang='lat' dir='ltr'>famulo</span> <span class='ocrx_word' id='word_1_23' title='bbox 314 692 489 754; x_wconf 77' lang='lat' dir='ltr'><strong>famulamque</strong></span> <span class='ocrx_word' id='word_1_24' title='bbox 503 692 602 740; x_wconf 90' lang='lat' dir='ltr'>Heleno</span> <span class='ocrx_word' id='word_1_25' title='bbox 620 692 760 739; x_wconf 84' lang='lat' dir='ltr'>transmisit</span> <span class='ocrx_word' id='word_1_26' title='bbox 778 692 874 739; x_wconf 87' lang='lat' dir='ltr'>haben-</span> 
     </span>
     <span class='ocr_line' id='line_1_7' title="bbox 447 780 515 827; baseline 0 0"><span class='ocrx_word' id='word_1_27' title='bbox 447 780 515 827; x_wconf 90' lang='lat' dir='ltr'>dam.</span> 
     </span>
     <span class='ocr_line' id='line_1_8' title="bbox 74 868 782 931; baseline -0.001 -15"><span class='ocrx_word' id='word_1_28' title='bbox 74 874 125 916; x_wconf 88' lang='grc'>330</span> <span class='ocrx_word' id='word_1_29' title='bbox 145 876 185 916; x_wconf 87' lang='lat' dir='ltr'>ast</span> <span class='ocrx_word' id='word_1_30' title='bbox 197 868 271 917; x_wconf 90' lang='lat' dir='ltr'>illum</span> <span class='ocrx_word' id='word_1_31' title='bbox 284 876 387 931; x_wconf 88' lang='lat' dir='ltr'>ereptae</span> <span class='ocrx_word' id='word_1_32' title='bbox 398 883 495 930; x_wconf 83' lang='lat' dir='ltr'>magno</span> <span class='ocrx_word' id='word_1_33' title='bbox 508 869 680 916; x_wconf 88' lang='lat' dir='ltr'>inflammatus</span> <span class='ocrx_word' id='word_1_34' title='bbox 695 884 782 916; x_wconf 85' lang='lat' dir='ltr'>amore</span> 
     </span>
     <span class='ocr_line' id='line_1_9' title="bbox 145 955 766 1018; baseline 0 -14"><span class='ocrx_word' id='word_1_35' title='bbox 145 957 263 1018; x_wconf 84' lang='lat' dir='ltr'>coniugis</span> <span class='ocrx_word' id='word_1_36' title='bbox 277 964 302 1004; x_wconf 93' lang='lat' dir='ltr'>et</span> <span class='ocrx_word' id='word_1_37' title='bbox 314 957 438 1005; x_wconf 88' lang='lat' dir='ltr'>scelerum</span> <span class='ocrx_word' id='word_1_38' title='bbox 452 957 524 1004; x_wconf 89' lang='lat' dir='ltr'>furiis</span> <span class='ocrx_word' id='word_1_39' title='bbox 538 957 649 1018; x_wconf 86' lang='lat' dir='ltr'>agitatus</span> <span class='ocrx_word' id='word_1_40' title='bbox 664 955 766 1004; x_wconf 81' lang='lat' dir='ltr'>Orestes</span> 
     </span>
    </p>
   </div>
   <div class='ocr_carea' id='block_1_4' title="bbox 69 1045 870 2613">
    <p class='ocr_par' dir='ltr' id='par_1_4' title="bbox 144 1045 823 1108">
     <span class='ocr_line' id='line_1_10' title="bbox 144 1045 823 1108; baseline -0.003 -15"><span class='ocrx_word' id='word_1_41' title='bbox 144 1046 241 1108; x_wconf 85' lang='lat' dir='ltr'>excipit</span> <span class='ocrx_word' id='word_1_42' title='bbox 253 1046 386 1093; x_wconf 90' lang='lat' dir='ltr'>incautum</span> <span class='ocrx_word' id='word_1_43' title='bbox 399 1046 547 1107; x_wconf 83' lang='lat' dir='ltr'>patriasque</span> <span class='ocrx_word' id='word_1_44' title='bbox 561 1045 698 1093; x_wconf 84' lang='lat' dir='ltr'>obtruncat</span> <span class='ocrx_word' id='word_1_45' title='bbox 711 1046 743 1093; x_wconf 85' lang='lat' dir='ltr'>ad</span> <span class='ocrx_word' id='word_1_46' title='bbox 758 1061 823 1092; x_wconf 82' lang='lat' dir='ltr'>aras.</span> 
     </span>
    </p>

    <p class='ocr_par' dir='ltr' id='par_1_5' title="bbox 143 1133 755 1196">
     <span class='ocr_line' id='line_1_11' title="bbox 143 1133 755 1196; baseline 0 -16"><span class='ocrx_word' id='word_1_47' title='bbox 143 1141 225 1180; x_wconf 89' lang='lat' dir='ltr'>morte</span> <span class='ocrx_word' id='word_1_48' title='bbox 238 1133 400 1195; x_wconf 82' lang='lat' dir='ltr'>Neoptolemi</span> <span class='ocrx_word' id='word_1_49' title='bbox 414 1149 553 1196; x_wconf 83' lang='lat' dir='ltr'>regnorum</span> <span class='ocrx_word' id='word_1_50' title='bbox 566 1135 666 1183; x_wconf 89' lang='lat' dir='ltr'>reddita</span> <span class='ocrx_word' id='word_1_51' title='bbox 679 1135 755 1182; x_wconf 84' lang='lat' dir='ltr'>cessit</span> 
     </span>
    </p>

    <p class='ocr_par' dir='ltr' id='par_1_6' title="bbox 72 1220 819 1371">
     <span class='ocr_line' id='line_1_12' title="bbox 144 1220 819 1285; baseline 0.001 -17"><span class='ocrx_word' id='word_1_52' title='bbox 144 1236 203 1284; x_wconf 87' lang='lat' dir='ltr'>pars</span> <span class='ocrx_word' id='word_1_53' title='bbox 216 1220 326 1280; x_wconf 86' lang='lat' dir='ltr'>llelcno,</span> <span class='ocrx_word' id='word_1_54' title='bbox 342 1221 386 1283; x_wconf 93' lang='lat' dir='ltr'>qui</span> <span class='ocrx_word' id='word_1_55' title='bbox 401 1220 532 1270; x_wconf 87' lang='lat' dir='ltr'>Chaonios</span> <span class='ocrx_word' id='word_1_56' title='bbox 546 1223 701 1284; x_wconf 85' lang='lat' dir='ltr'>cognomine</span> <span class='ocrx_word' id='word_1_57' title='bbox 715 1239 819 1285; x_wconf 83' lang='lat' dir='ltr'>campos</span> 
     </span>
     <span class='ocr_line' id='line_1_13' title="bbox 72 1309 815 1371; baseline 0 -13"><span class='ocrx_word' id='word_1_58' title='bbox 72 1315 123 1358; x_wconf 83' lang='lat'>335</span> <span class='ocrx_word' id='word_1_59' title='bbox 144 1309 342 1371; x_wconf 77' lang='lat' dir='ltr'>Chaoniamque</span> <span class='ocrx_word' id='word_1_60' title='bbox 355 1324 458 1358; x_wconf 88' lang='lat' dir='ltr'>omnem</span> <span class='ocrx_word' id='word_1_61' title='bbox 471 1310 586 1359; x_wconf 87' lang='lat' dir='ltr'>Troiano</span> <span class='ocrx_word' id='word_1_62' title='bbox 600 1327 615 1358; x_wconf 89' lang='lat' dir='ltr'>a</span> <span class='ocrx_word' id='word_1_63' title='bbox 629 1311 737 1359; x_wconf 77' lang='lat' dir='ltr'>Chaone</span> <span class='ocrx_word' id='word_1_64' title='bbox 751 1312 815 1358; x_wconf 83' lang='lat' dir='ltr'>dixit</span> 
     </span>
    </p>

    <p class='ocr_par' dir='ltr' id='par_1_7' title="bbox 142 1398 870 1462">
     <span class='ocr_line' id='line_1_14' title="bbox 142 1398 870 1462; baseline 0 -16"><span class='ocrx_word' id='word_1_65' title='bbox 142 1399 320 1460; x_wconf 79' lang='lat' dir='ltr'>Pergamaque</span> <span class='ocrx_word' id='word_1_66' title='bbox 330 1398 489 1462; x_wconf 81' lang='lat' dir='ltr'>Iliacamque</span> <span class='ocrx_word' id='word_1_67' title='bbox 502 1400 569 1461; x_wconf 85' lang='lat' dir='ltr'>iugis</span> <span class='ocrx_word' id='word_1_68' title='bbox 582 1400 650 1448; x_wconf 83' lang='lat' dir='ltr'>lianc</span> <span class='ocrx_word' id='word_1_69' title='bbox 663 1401 763 1448; x_wconf 85' lang='lat' dir='ltr'>addidit</span> <span class='ocrx_word' id='word_1_70' title='bbox 776 1416 870 1448; x_wconf 86' lang='lat' dir='ltr'>arcem.</span> 
     </span>
    </p>

    <p class='ocr_par' dir='ltr' id='par_1_8' title="bbox 142 1487 782 1551">
     <span class='ocr_line' id='line_1_15' title="bbox 142 1487 782 1551; baseline 0 -15"><span class='ocrx_word' id='word_1_71' title='bbox 142 1488 186 1537; x_wconf 83' lang='lat' dir='ltr'>sed</span> <span class='ocrx_word' id='word_1_72' title='bbox 200 1487 246 1534; x_wconf 90' lang='lat' dir='ltr'>tibi</span> <span class='ocrx_word' id='word_1_73' title='bbox 261 1487 305 1549; x_wconf 92' lang='lat' dir='ltr'>qui</span> <span class='ocrx_word' id='word_1_74' title='bbox 319 1503 421 1535; x_wconf 85' lang='lat' dir='ltr'>cursum</span> <span class='ocrx_word' id='word_1_75' title='bbox 434 1489 511 1548; x_wconf 87' lang='lat' dir='ltr'>venti,</span> <span class='ocrx_word' id='word_1_76' title='bbox 528 1503 594 1551; x_wconf 87' lang='lat' dir='ltr'>quae</span> <span class='ocrx_word' id='word_1_77' title='bbox 607 1488 660 1535; x_wconf 87' lang='lat' dir='ltr'>fata</span> <span class='ocrx_word' id='word_1_78' title='bbox 673 1489 782 1536; x_wconf 83' lang='lat' dir='ltr'>dedere?</span> 
     </span>
    </p>

    <p class='ocr_par' dir='ltr' id='par_1_9' title="bbox 143 1577 832 1639">
     <span class='ocr_line' id='line_1_16' title="bbox 143 1577 832 1639; baseline 0 -16"><span class='ocrx_word' id='word_1_79' title='bbox 143 1584 188 1624; x_wconf 89' lang='lat' dir='ltr'>aut</span> <span class='ocrx_word' id='word_1_80' title='bbox 200 1577 319 1638; x_wconf 85' lang='lat' dir='ltr'>quisnam</span> <span class='ocrx_word' id='word_1_81' title='bbox 332 1577 451 1638; x_wconf 85' lang='lat' dir='ltr'>ignarum</span> <span class='ocrx_word' id='word_1_82' title='bbox 464 1578 558 1625; x_wconf 88' lang='lat' dir='ltr'>nostris</span> <span class='ocrx_word' id='word_1_83' title='bbox 572 1578 634 1625; x_wconf 85' lang='lat' dir='ltr'>deus</span> <span class='ocrx_word' id='word_1_84' title='bbox 648 1578 749 1639; x_wconf 90' lang='lat' dir='ltr'>adpulit</span> <span class='ocrx_word' id='word_1_85' title='bbox 762 1577 832 1624; x_wconf 87' lang='lat' dir='ltr'>oris?</span> 
     </span>
    </p>

    <p class='ocr_par' dir='ltr' id='par_1_10' title="bbox 70 1665 869 1815">
     <span class='ocr_line' id='line_1_17' title="bbox 143 1665 869 1728; baseline -0.001 -16"><span class='ocrx_word' id='word_1_86' title='bbox 143 1665 217 1728; x_wconf 89' lang='lat' dir='ltr'>[quid</span> <span class='ocrx_word' id='word_1_87' title='bbox 231 1680 294 1728; x_wconf 87' lang='lat' dir='ltr'>puer</span> <span class='ocrx_word' id='word_1_88' title='bbox 306 1666 453 1714; x_wconf 84' lang='lat' dir='ltr'>Ascanius?</span> <span class='ocrx_word' id='word_1_89' title='bbox 466 1665 618 1728; x_wconf 85' lang='lat' dir='ltr'>superatne?</span> <span class='ocrx_word' id='word_1_90' title='bbox 637 1675 662 1713; x_wconf 91' lang='lat' dir='ltr'>et</span> <span class='ocrx_word' id='word_1_91' title='bbox 674 1666 783 1713; x_wconf 83' lang='lat' dir='ltr'>vescitur</span> <span class='ocrx_word' id='word_1_92' title='bbox 797 1680 869 1723; x_wconf 84' lang='lat' dir='ltr'>aura,</span> 
     </span>
     <span class='ocr_line' id='line_1_18' title="bbox 70 1754 472 1815; baseline 0.002 -14"><span class='ocrx_word' id='word_1_93' title='bbox 70 1758 121 1801; x_wconf 83' lang='grc'>340</span> <span class='ocrx_word' id='word_1_94' title='bbox 142 1769 208 1815; x_wconf 74' lang='lat' dir='ltr'>&lt;luae</span> <span class='ocrx_word' id='word_1_95' title='bbox 220 1754 267 1802; x_wconf 90' lang='lat' dir='ltr'>tibi</span> <span class='ocrx_word' id='word_1_96' title='bbox 280 1755 332 1802; x_wconf 90' lang='lat' dir='ltr'>iam</span> <span class='ocrx_word' id='word_1_97' title='bbox 346 1755 425 1803; x_wconf 87' lang='lat' dir='ltr'>Troia</span> <span class='ocrx_word' id='word_1_98' title='bbox 438 1783 472 1789; x_wconf 92' lang='lat'>—-</span> 
     </span>
    </p>

    <p class='ocr_par' dir='ltr' id='par_1_11' title="bbox 142 1843 811 1905">
     <span class='ocr_line' id='line_1_19' title="bbox 142 1843 811 1905; baseline -0.003 -15"><span class='ocrx_word' id='word_1_99' title='bbox 142 1858 224 1905; x_wconf 91' lang='lat' dir='ltr'>ecqua</span> <span class='ocrx_word' id='word_1_100' title='bbox 237 1851 322 1890; x_wconf 87' lang='lat' dir='ltr'>tamen</span> <span class='ocrx_word' id='word_1_101' title='bbox 335 1857 415 1905; x_wconf 89' lang='lat' dir='ltr'>puero</span> <span class='ocrx_word' id='word_1_102' title='bbox 430 1850 467 1891; x_wconf 90' lang='lat' dir='ltr'>est</span> <span class='ocrx_word' id='word_1_103' title='bbox 480 1844 590 1892; x_wconf 87' lang='lat' dir='ltr'>amissae</span> <span class='ocrx_word' id='word_1_104' title='bbox 603 1859 665 1891; x_wconf 91' lang='lat' dir='ltr'>cura</span> <span class='ocrx_word' id='word_1_105' title='bbox 678 1843 811 1905; x_wconf 86' lang='lat' dir='ltr'>parentis?</span> 
     </span>
    </p>

    <p class='ocr_par' dir='ltr' id='par_1_12' title="bbox 141 1931 810 1994">
     <span class='ocr_line' id='line_1_20' title="bbox 141 1931 810 1994; baseline -0.001 -16"><span class='ocrx_word' id='word_1_106' title='bbox 141 1931 233 1993; x_wconf 88' lang='lat' dir='ltr'>ecquid</span> <span class='ocrx_word' id='word_1_107' title='bbox 247 1932 273 1978; x_wconf 92' lang='lat' dir='ltr'>iu</span> <span class='ocrx_word' id='word_1_108' title='bbox 288 1932 422 1994; x_wconf 89' lang='lat' dir='ltr'>antiquam</span> <span class='ocrx_word' id='word_1_109' title='bbox 434 1933 553 1980; x_wconf 88' lang='lat' dir='ltr'>virtutem</span> <span class='ocrx_word' id='word_1_110' title='bbox 567 1933 719 1993; x_wconf 89' lang='lat' dir='ltr'>animosque</span> <span class='ocrx_word' id='word_1_111' title='bbox 732 1932 810 1979; x_wconf 83' lang='lat' dir='ltr'>virilis</span> 
     </span>
    </p>

    <p class='ocr_par' dir='ltr' id='par_1_13' title="bbox 141 2012 814 2082">
     <span class='ocr_line' id='line_1_21' title="bbox 141 2012 814 2082; baseline -0.001 -15"><span class='ocrx_word' id='word_1_112' title='bbox 141 2026 166 2067; x_wconf 91' lang='lat' dir='ltr'>et</span> <span class='ocrx_word' id='word_1_113' title='bbox 178 2028 251 2081; x_wconf 90' lang='lat' dir='ltr'>pater</span> <span class='ocrx_word' id='word_1_114' title='bbox 263 2021 365 2068; x_wconf 86' lang='lat' dir='ltr'>Aeneas</span> <span class='ocrx_word' id='word_1_115' title='bbox 379 2028 405 2068; x_wconf 91' lang='lat' dir='ltr'>et</span> <span class='ocrx_word' id='word_1_116' title='bbox 417 2023 558 2069; x_wconf 83' lang='lat' dir='ltr'>avonculus</span> <span class='ocrx_word' id='word_1_117' title='bbox 572 2021 667 2068; x_wconf 84' lang='lat' dir='ltr'>excitat</span> <span class='ocrx_word' id='word_1_118' title='bbox 679 2020 775 2068; x_wconf 87' lang='lat' dir='ltr'>Hector</span> <span class='ocrx_word' id='word_1_119' title='bbox 782 2012 814 2082; x_wconf 81' lang='lat'>?]&#39;</span> 
     </span>
    </p>

    <p class='ocr_par' dir='ltr' id='par_1_14' title="bbox 69 2107 775 2255">
     <span class='ocr_line' id='line_1_22' title="bbox 141 2107 748 2170; baseline 0.003 -17"><span class='ocrx_word' id='word_1_120' title='bbox 141 2108 205 2155; x_wconf 86' lang='lat' dir='ltr'>talia</span> <span class='ocrx_word' id='word_1_121' title='bbox 217 2107 342 2156; x_wconf 89' lang='lat' dir='ltr'>fundebat</span> <span class='ocrx_word' id='word_1_122' title='bbox 354 2109 492 2157; x_wconf 87' lang='lat' dir='ltr'>lacrimans</span> <span class='ocrx_word' id='word_1_123' title='bbox 506 2110 650 2170; x_wconf 86' lang='lat' dir='ltr'>longosque</span> <span class='ocrx_word' id='word_1_124' title='bbox 664 2108 748 2156; x_wconf 85' lang='lat' dir='ltr'>ciebat</span> 
     </span>
     <span class='ocr_line' id='line_1_23' title="bbox 69 2196 775 2255; baseline 0.004 -14"><span class='ocrx_word' id='word_1_125' title='bbox 69 2200 120 2242; x_wconf 84' lang='lat'>345</span> <span class='ocrx_word' id='word_1_126' title='bbox 141 2196 272 2244; x_wconf 87' lang='lat' dir='ltr'>incassum</span> <span class='ocrx_word' id='word_1_127' title='bbox 284 2197 366 2255; x_wconf 82' lang='lat' dir='ltr'>fletus,</span> <span class='ocrx_word' id='word_1_128' title='bbox 383 2212 441 2245; x_wconf 93' lang='lat' dir='ltr'>cum</span> <span class='ocrx_word' id='word_1_129' title='bbox 454 2213 509 2245; x_wconf 86' lang='lat' dir='ltr'>sese</span> <span class='ocrx_word' id='word_1_130' title='bbox 520 2211 538 2244; x_wconf 74' lang='lat' dir='ltr'>&#39;a</span> <span class='ocrx_word' id='word_1_131' title='bbox 551 2197 686 2245; x_wconf 85' lang='lat' dir='ltr'>moenibus</span> <span class='ocrx_word' id='word_1_132' title='bbox 700 2198 775 2246; x_wconf 79' lang='lat' dir='ltr'>heron</span> 
     </span>
    </p>

    <p class='ocr_par' dir='ltr' id='par_1_15' title="bbox 140 2284 803 2334">
     <span class='ocr_line' id='line_1_24' title="bbox 140 2284 803 2334; baseline 0.003 -4"><span class='ocrx_word' id='word_1_133' title='bbox 140 2284 282 2333; x_wconf 81' lang='lat' dir='ltr'>Priamides</span> <span class='ocrx_word' id='word_1_134' title='bbox 296 2286 383 2332; x_wconf 85' lang='lat' dir='ltr'>multis</span> <span class='ocrx_word' id='word_1_135' title='bbox 396 2285 511 2333; x_wconf 90' lang='lat' dir='ltr'>Helenus</span> <span class='ocrx_word' id='word_1_136' title='bbox 524 2285 706 2334; x_wconf 84' lang='lat' dir='ltr'>comitantibus</span> <span class='ocrx_word' id='word_1_137' title='bbox 720 2286 803 2333; x_wconf 82' lang='lat' dir='ltr'>adfert</span> 
     </span>
    </p>

    <p class='ocr_par' dir='ltr' id='par_1_16' title="bbox 140 2373 782 2436">
     <span class='ocr_line' id='line_1_25' title="bbox 140 2373 782 2436; baseline 0.003 -17"><span class='ocrx_word' id='word_1_138' title='bbox 140 2373 327 2436; x_wconf 84' lang='lat' dir='ltr'>adgnoscitque</span> <span class='ocrx_word' id='word_1_139' title='bbox 340 2389 400 2422; x_wconf 84' lang='lat' dir='ltr'>suos</span> <span class='ocrx_word' id='word_1_140' title='bbox 414 2374 548 2436; x_wconf 90' lang='lat' dir='ltr'>laetusque</span> <span class='ocrx_word' id='word_1_141' title='bbox 562 2375 593 2422; x_wconf 89' lang='lat' dir='ltr'>ad</span> <span class='ocrx_word' id='word_1_142' title='bbox 608 2375 697 2422; x_wconf 86' lang='lat' dir='ltr'>limina</span> <span class='ocrx_word' id='word_1_143' title='bbox 712 2375 782 2421; x_wconf 90' lang='lat' dir='ltr'>ducit</span> 
     </span>
    </p>

    <p class='ocr_par' dir='ltr' id='par_1_17' title="bbox 139 2462 809 2524">
     <span class='ocr_line' id='line_1_26' title="bbox 139 2462 809 2524; baseline 0.001 -16"><span class='ocrx_word' id='word_1_144' title='bbox 139 2469 164 2508; x_wconf 91' lang='lat' dir='ltr'>et</span> <span class='ocrx_word' id='word_1_145' title='bbox 176 2462 286 2510; x_wconf 90' lang='lat' dir='ltr'>multum</span> <span class='ocrx_word' id='word_1_146' title='bbox 299 2463 419 2510; x_wconf 84' lang='lat' dir='ltr'>lacrimas</span> <span class='ocrx_word' id='word_1_147' title='bbox 432 2463 509 2510; x_wconf 83' lang='lat' dir='ltr'>verba</span> <span class='ocrx_word' id='word_1_148' title='bbox 522 2463 590 2511; x_wconf 89' lang='lat' dir='ltr'>inter</span> <span class='ocrx_word' id='word_1_149' title='bbox 601 2463 704 2524; x_wconf 81' lang='lat' dir='ltr'>singula</span> <span class='ocrx_word' id='word_1_150' title='bbox 718 2463 809 2510; x_wconf 87' lang='lat' dir='ltr'>l&#39;undit.</span> 
     </span>
    </p>

    <p class='ocr_par' dir='ltr' id='par_1_18' title="bbox 131 2550 827 2613">
     <span class='ocr_line' id='line_1_27' title="bbox 131 2550 827 2613; baseline 0.004 -19"><span class='ocrx_word' id='word_1_151' title='bbox 131 2551 251 2607; x_wconf 78' lang='lat' dir='ltr'>procedo</span> <span class='ocrx_word' id='word_1_152' title='bbox 266 2558 291 2598; x_wconf 89' lang='lat' dir='ltr'>et</span> <span class='ocrx_word' id='word_1_153' title='bbox 300 2565 408 2612; x_wconf 86' lang='lat' dir='ltr'>parvam</span> <span class='ocrx_word' id='word_1_154' title='bbox 421 2550 526 2598; x_wconf 89' lang='lat' dir='ltr'>Troiam</span> <span class='ocrx_word' id='word_1_155' title='bbox 540 2553 712 2613; x_wconf 86' lang='lat' dir='ltr'>simulataque</span> <span class='ocrx_word' id='word_1_156' title='bbox 725 2552 827 2612; x_wconf 83' lang='lat' dir='ltr'>magnis</span> 
     </span>
    </p>
   </div>
   <div class='ocr_carea' id='block_1_5' title="bbox 37 2630 816 2706">
    <p class='ocr_par' dir='ltr' id='par_1_19' title="bbox 37 2630 816 2706">
     <span class='ocr_line' id='line_1_28' title="bbox 37 2630 816 2706; baseline 0.027 -41"><span class='ocrx_word' id='word_1_157' title='bbox 37 2630 96 2668; x_wconf 75' lang='lat'>350</span> <span class='ocrx_word' id='word_1_158' title='bbox 112 2630 249 2689; x_wconf 74' lang='lat' dir='ltr'>Pergama</span> <span class='ocrx_word' id='word_1_159' title='bbox 264 2645 293 2684; x_wconf 83' lang='lat' dir='ltr'>ct</span> <span class='ocrx_word' id='word_1_160' title='bbox 305 2649 425 2690; x_wconf 83' lang='lat' dir='ltr'>arentem</span> <span class='ocrx_word' id='word_1_161' title='bbox 438 2641 543 2692; x_wconf 89' lang='lat' dir='ltr'>Xanthi</span> <span class='ocrx_word' id='word_1_162' title='bbox 559 2640 720 2706; x_wconf 80' lang='lat' dir='ltr'>cognomine</span> <span class='ocrx_word' id='word_1_163' title='bbox 731 2641 816 2687; x_wconf 75' lang='lat' dir='ltr'>risam</span> 
     </span>
    </p>
   </div>
   <div class='ocr_carea' id='block_1_6' title="bbox 0 0 908 2956">
    <p class='ocr_par' dir='ltr' id='par_1_20' title="bbox 0 0 908 2956">
     <span class='ocr_line' id='line_1_29' title="bbox 0 0 908 2956; baseline 0 2"><span class='ocrx_word' id='word_1_164' title='bbox 0 0 908 2956; x_wconf 95' lang='lat' dir='ltr'> </span> 
     </span>
    </p>
   </div>
  </div>
 </body>
</html>
