1808 2956
74 176 135 223 538
313 184 338 222 r.
357 181 477 221 vanolur
496 180 628 220 uanosrs

144 349 172 386 ut
195 353 296 387 cervom
321 339 439 386 ardentes
458 347 579 400 agerent3
605 353 675 400 quae
699 340 788 402 prima
805 340 868 389 laho-

444 441 502 474 rum

145 530 223 563 causa
236 516 284 564 fuit
296 516 417 578 belloque
430 515 530 562 animos
543 513 663 562 accendit
675 516 798 577 agrestis.

145 619 232 653 cervos
245 612 300 653 erat
312 604 395 652 forma
408 603 548 666 praestanti
561 610 587 650 et
599 602 724 651 cornibus
737 604 839 665 ingens,

145 693 288 755 Tyrrhidae
301 693 373 755 puori
387 707 464 755 quem
476 690 565 738 matria
579 689 611 737 ab
625 690 707 740 ubere
720 702 825 755 raptum

75 785 126 829 485
146 781 279 830 nutribant
290 781 457 843 Tyrrhusque
470 787 551 843 pater,
567 779 608 827 eni
622 779 697 841 regia
709 790 806 843 parent

146 878 262 918 armenta
274 877 300 918 et
311 870 363 917 late
376 869 494 918 custodia
507 867 605 915 credita
617 868 714 930 campi.

146 959 281 1006 adsuetum
294 958 407 1020 imperiis
420 972 494 1004 soror
507 955 577 1004 omni
590 954 673 1005 Silvia
685 971 750 1005 cura

146 1045 268 1094 mollibus
281 1046 398 1094 intexens
412 1045 521 1093 ornabat
533 1059 632 1092 cornua
644 1044 719 1093 sertis

147 1133 316 1196 pectebatque
329 1134 411 1183 ferum
424 1147 541 1196 puroque
554 1133 581 1180 in
594 1132 666 1181 fonte
678 1133 795 1184 lauabat.

77 1227 128 1270 490
147 1222 201 1280 ille,
217 1235 323 1269 manum
335 1222 436 1283 patiens
449 1236 605 1284 mensaeque
618 1220 741 1270 adsuetus
755 1225 824 1284 erili,

148 1308 250 1358 errabat
262 1309 332 1357 silvis
345 1324 484 1372 rursusque
502 1313 534 1360 ad
548 1312 639 1360 limina
652 1319 716 1361 nota

147 1398 202 1459 ipse
216 1398 321 1445 domum
333 1413 391 1446 sera
404 1400 520 1461 quamvis
534 1414 561 1449 se
574 1407 650 1448 nocte
662 1399 772 1448 ferebat.

146 1485 216 1534 hunc
229 1487 320 1548 procul
333 1495 461 1535 errantem
473 1488 580 1537 rabidae
592 1488 709 1536 venantis
722 1488 776 1537 Iuli

149 1589 309 1625 commovere
322 1589 408 1634 canes,
423 1576 501 1623 fluvio
515 1593 574 1626 cum
587 1576 653 1625 forte
665 1577 786 1626 secundo

78 1667 129 1710 495
150 1663 272 1713 deflueret
283 1663 391 1726 ripaque
404 1672 489 1712 aestus
502 1665 629 1712 viridante
641 1664 747 1713 levaret.

149 1751 205 1813 ipse
218 1752 304 1811 etiam,
320 1751 430 1800 eximiae
443 1753 527 1800 laudis
541 1767 679 1800 succensus
692 1767 793 1815 amore,

149 1840 278 1888 Ascanius
292 1855 369 1888 curvo
383 1841 477 1889 direxit
488 1841 589 1903 spicula
602 1855 698 1900 cornu3

149 1941 197 1975 uec
211 1928 316 1977 dextrae
329 1930 424 1976 erranti
438 1930 500 1978 deus
514 1928 580 1977 afuit
591 1937 702 1991 actaque
714 1932 800 1980 multo

150 2029 246 2077 perque
259 2023 360 2064 uterum
373 2017 459 2064 sonitu
472 2032 570 2080 perque
583 2017 629 2065 ilia
640 2018 711 2065 venit
723 2018 854 2069 harundo.

81 2107 132 2150 500
151 2103 254 2151 saucius
267 2112 294 2152 at
306 2105 453 2167 quadrupes
466 2113 529 2152 nota
541 2106 609 2153 intra
621 2112 689 2154 tecta
701 2105 800 2170 refugit

150 2192 324 2255 successitque
336 2207 441 2254 gemens
454 2194 563 2241 stabulis
577 2201 720 2256 questuque
734 2206 858 2246 crocinus

150 2286 228 2341 atque
240 2280 381 2343 inploranti
394 2282 486 2329 similis
500 2291 595 2330 tectum
608 2296 684 2330 omne
696 2283 826 2345 replebat.

152 2365 232 2416 Silvia
245 2368 328 2431 prima
341 2384 423 2428 soror,
439 2371 531 2432 palmis
545 2385 667 2433 percussa
679 2370 802 2434 lacertos,

151 2456 277 2505 auxilium
289 2466 364 2506 vocat
377 2465 402 2506 et
414 2459 492 2506 duros
506 2461 651 2508 conclamat
663 2461 783 2520 agrestis.

82 2549 131 2594 505
150 2544 205 2603 oili,
220 2546 299 2607 pestis
312 2546 380 2594 enim
394 2546 477 2594 tacitis
491 2547 554 2595 latet
566 2563 658 2610 aspera
670 2547 750 2607 silvis,

140 2633 270 2698 inprovisi
284 2636 390 2696 adsunt,
405 2635 450 2685 hic
462 2642 534 2683 torre
546 2642 662 2682 armatus
674 2634 781 2692 ohaam,
