1808 2956
353 172 499 212 Anufflnos
519 174 606 212 LIBER
622 175 642 212 1.
840 166 897 213 135

168 329 271 379 Aeolus
284 335 309 378 et
321 330 410 377 clauso
423 336 557 377 ventorum
571 345 672 378 carcere
686 325 794 392 regnet.²

10 357 25 389 r

49 370 55 477 l
207 417 252 466 Sic
265 418 302 466 ait
314 426 340 466 ct
352 418 421 466 dicto
435 419 509 466 citius
523 419 622 465 tumida
635 433 750 482 aequora
762 422 848 482 placat

49 482 54 535 l
169 507 346 569 collectasque
359 506 432 568 fugat
444 507 525 554 nubes
539 508 671 569 solemque
684 509 791 556 reducit.

10 644 15 653 ,
52 632 55 657 ,
170 594 317 658 Cymothoe
329 595 405 642 simul
419 601 444 643 et
456 595 547 642 Triton
561 597 671 644 adnixus
685 603 760 644 acuto

52 670 55 675 Ι
94 690 148 733 145
170 684 312 733 detrudunt
324 698 400 731 naves
414 684 531 745 scopulo,
547 685 614 732 levat
626 685 680 746 ipse
694 685 796 732 tridenti

170 780 196 822 et
208 779 293 820 vastas
308 772 391 835 aperit
402 779 482 833 syrtes
496 779 521 819 et
533 780 659 834 temperat
671 788 768 835 aequor

170 868 250 924 atque
263 861 325 908 rotis
339 875 453 908 summas
466 859 563 908 levibus
578 861 719 922 perlabitur
731 861 822 909 undas.

171 949 293 998 aoveluti
307 949 442 1009 magnoin
456 949 553 1010 populo
568 964 626 996 eum
639 964 715 1012 saepe
730 957 843 998 coortast

171 1039 265 1087 seditio
278 1037 409 1099 saevitque
423 1036 515 1083 animis
529 1036 643 1098 ignobile
656 1038 747 1099 volgus

107 1132 152 1175 150
171 1128 277 1189 iamque
289 1125 357 1172 faces
369 1133 394 1172 et
405 1140 469 1172 saxa
480 1125 576 1183 volant,
592 1125 663 1172 furor
676 1141 748 1174 arma
759 1126 900 1185 ministrat3

10 1237 15 1263 ι
171 1222 227 1263 tum
240 1214 336 1277 pietate
348 1228 451 1275 gravem
466 1228 496 1261 ae
509 1214 604 1261 meritis
619 1214 639 1260 si
653 1214 719 1263 forte
731 1215 812 1262 virum
826 1230 901 1277 quem

10 1325 22 1353 l.
173 1317 339 1365 conspexere,
355 1302 432 1350 silent
445 1302 600 1364 arrectisque
614 1303 717 1349 auribus
731 1303 848 1362 adstant3

172 1393 217 1440 ille
230 1391 297 1453 regit
310 1390 384 1438 dictis
398 1391 498 1438 animos
512 1398 537 1437 et
549 1398 654 1453 pectora
667 1392 777 1439 mulcet:

172 1481 210 1529 sie
219 1487 326 1528 cunctus
336 1479 421 1541 pelugi
435 1479 629 1541 ceciditfragor‚
646 1487 901 1542 aequorapostquam

108 1573 152 1617 155
173 1569 333 1632 prospiciens
347 1567 449 1628 genitor
462 1567 585 1629 caeloque
598 1568 712 1616 invectus
727 1575 815 1630 aperto

10 1662 39 1708 flia
110 1672 113 1678 ’
172 1658 252 1706 flectit
265 1671 344 1719 equos
359 1670 486 1717 curruque
499 1657 588 1703 volans
603 1657 647 1704 dat
659 1657 716 1703 lora
729 1657 851 1704 seeundo.

56 1716 60 1803 l
208 1746 310 1794 Defessi
324 1744 463 1792 Aeneadae
478 1759 544 1805 quae
558 1745 677 1806 proxima
690 1744 766 1791 litora
780 1759 855 1791 cursu

173 1834 334 1883 contendunt
347 1840 433 1896 petere
447 1839 472 1880 et
485 1833 582 1894 Libyae
594 1838 726 1880 vertuntur
739 1832 771 1879 ad
786 1847 852 1880 oras.

173 1923 251 1971 estin
264 1937 366 1970 secessu
379 1923 459 1982 longo
473 1922 562 1980 locus3
583 1921 669 1969 insulu
681 1927 784 1983 portum

105 2017 153 2060 160
173 2011 252 2060 eflicit
265 2011 367 2059 obiectu
381 2011 498 2068 laterum,
515 2010 607 2071 quibus
621 2010 704 2057 omnis
718 2009 749 2057 ab
764 2010 816 2056 alto

173 2100 301 2161 frangitur
313 2100 393 2161 inque
406 2099 477 2145 sinus
491 2098 585 2145 scindit
597 2112 652 2146 sese
666 2099 736 2145 unda
748 2097 875 2145 reductos.

172 2189 234 2236 bine
248 2195 324 2250 atquc
337 2187 398 2234 hinc
412 2193 497 2234 vastae
513 2201 588 2248 rupes
606 2186 754 2248 geminique
771 2186 903 2233 minantur

173 2278 200 2325 in
214 2277 315 2324 caelum
327 2275 436 2338 scopuli,
453 2289 563 2336 quorum
575 2275 621 2322 sub
635 2275 728 2323 vertice
741 2276 792 2322 late

173 2379 288 2428 aequora
301 2371 356 2412 tuta
369 2365 462 2421 silent3
483 2370 537 2410 tum
550 2363 619 2410 silvis
633 2378 727 2411 scaena
740 2364 852 2411 coruscis

103 2461 152 2504 165
173 2455 284 2515 desuper
295 2452 460 2514 horrentique
472 2458 555 2498 atrum
568 2466 656 2499 nemus
668 2452 785 2499 imminet
796 2451 901 2508 umbra;

173 2543 258 2590 fronte
271 2542 318 2588 sub
332 2541 439 2588 adversa
452 2540 564 2602 scopulis
578 2540 747 2602 pendentibus
763 2548 873 2598 antrum,

173 2631 243 2678 intus
257 2643 340 2692 aquae
353 2629 440 2676 dulces
453 2628 561 2695 vivoque
574 2628 665 2676 sedilia
678 2643 751 2688 saxo,
