1808 2956
236 185 386 225 uersuros
404 186 492 225 ornan
505 187 537 226 11.
726 179 783 227 175

12 349 34 394 ·5
56 343 90 391 ad
104 343 206 392 eaelum
219 343 325 391 tendens
339 343 457 392 ardentia
470 343 570 391 lumina
583 343 685 403 frustra,

56 431 166 490 lumina,
182 447 243 480 nam
255 441 356 480 teneras
369 432 493 480 arcebant
505 433 609 480 uincula
622 434 730 495 palmas.

56 534 111 568 non
124 520 184 569 tulit
196 521 263 570 hane
276 522 387 584 speeiem
401 522 495 569 furiata
507 530 592 569 mente
607 519 748 583 Coroebus,

57 618 83 657 et
95 623 151 658 sese
163 611 277 657 medium
290 610 378 658 iniecit
391 610 517 672 periturus
531 611 558 656 in
571 624 673 671 agmen.

58 699 241 761 consequimur
254 699 338 746 cuncti
353 707 377 746 et
390 698 475 746 densis
488 698 643 746 incurrimus
657 699 742 746 armis.

11 794 37 838 l0
54 782 101 837 'hic
113 788 225 850 primum
239 801 270 835 ex
283 788 335 836 alto
351 787 450 835 delubri
465 788 576 835 culmine
590 787 647 834 telis

12 872 15 879 '
57 884 206 925 nostrorum
219 875 352 923 obruimur
366 876 496 938 oriturque
509 875 652 924 miserrima
666 877 757 925 caedes

57 980 189 1016 armorum
202 965 268 1013 facie
281 974 306 1013 et
319 963 456 1013 Graiarum
469 979 554 1012 errore
567 964 695 1012 iubarum.

57 1062 113 1103 tum
125 1053 212 1102 Danai
225 1054 322 1115 gemitu
336 1062 414 1115 atque
427 1062 529 1116 ereptae
542 1053 648 1115 virginis
662 1053 701 1102 ira

56 1143 173 1205 undique
187 1143 288 1190 collecti
303 1143 436 1200 invadunt,
453 1143 592 1191 acerrimus
606 1143 675 1190 Aiax

10 1237 38 1281 15
58 1239 84 1280 et
95 1231 192 1293 gemini
206 1231 314 1279 Atridae
327 1231 511 1294 Dolopumque
525 1231 651 1280 exereitus
664 1231 757 1291 omnis,

58 1320 158 1369 adversi
171 1328 247 1382 rupto
262 1335 308 1368 ceu
322 1320 455 1382 quondam
468 1320 569 1368 turbine
582 1321 650 1369 venti

59 1409 209 1470 confligunt,
225 1409 408 1471 Zephyrusque
421 1408 554 1471 Notusque
568 1417 593 1457 et
605 1410 687 1458 laetus
700 1408 754 1457 eois

57 1497 141 1546 Eurus
155 1498 244 1560 equis3
265 1498 376 1545 stridunt
388 1497 468 1546 silvae
482 1499 612 1560 saevitque
625 1497 729 1546 tridenti

57 1601 178 1650 spumeus
192 1593 270 1648 atque
283 1587 335 1632 imo
349 1585 445 1633 Nereus
460 1587 509 1634 ciet
522 1600 636 1648 aequora
649 1586 739 1633 fundo.

10 1682 37 1724 ΞΟ
57 1675 97 1724 illi
111 1675 198 1733 etiam,
214 1675 301 1737 siquos
316 1675 426 1723 obscura
439 1682 515 1723 noete
530 1689 575 1737 per
588 1674 706 1722 umbram

57 1764 170 1812 fodimus
183 1764 283 1810 insidiis
297 1771 401 1825 totaque
415 1763 568 1824 agitavimus
582 1762 653 1820 urbe,

58 1853 197 1915 adparent3
216 1852 292 1914 primi
307 1852 403 1913 clipeos
417 1852 575 1913 mentitaque
589 1852 641 1899 tela

57 1941 221 2002 adgnoscunt
233 1948 310 2002 atque
325 1953 370 1986 ora
383 1954 447 1986 sono
462 1939 592 1987 discordia
604 1939 717 2000 signant.

57 2030 129 2077 ilicet
142 2029 275 2076 obruimur
289 2042 411 2075 numero:
433 2027 583 2090 primusque
598 2025 730 2075 Coroebus

9 2125 36 2167 25
58 2118 162 2166 Penelei
176 2119 266 2165 dextra
280 2117 353 2165 (lirae
367 2116 546 2179 armipotentis
560 2117 593 2164 ad
608 2131 679 2163 uram

57 2206 218 2270 procumbit3
240 2206 309 2254 cadit
322 2214 347 2253 et
359 2205 482 2268 Rhipeus,
497 2205 651 2253 iustissimus
666 2219 731 2252 unus

58 2296 102 2358 qui
116 2295 165 2342 fuit
177 2296 203 2342 in
217 2295 324 2342 Teucris
338 2303 363 2342 et
375 2295 580 2342 servantissimus
594 2293 670 2355 acqui

58 2384 110 2445 (dis
124 2383 199 2432 aliter
210 2383 319 2446 risum);
339 2391 447 2446 pereunt
459 2383 628 2445 Hypanisque
640 2381 789 2444 Dymasque

58 2473 153 2521 confixi
168 2487 183 2519 a
196 2472 289 2530 sociis3
310 2486 357 2519 nec
371 2480 395 2519 tc
408 2478 452 2520 tua
466 2472 586 2534 plurima,
601 2470 714 2529 Panthu,

8 2567 38 2610 30
59 2561 189 2610 labentem
200 2561 283 2623 pictas
296 2575 344 2610 nec
357 2561 493 2626 Apollinis
506 2560 598 2610 iulula
607 2558 690 2608 testu.

48 2648 124 2695 iliaci
136 2648 237 2698 eineres
251 2658 278 2700 et
292 2652 405 2706 flamma
418 2661 551 2705 extrema
560 2658 711 2701 meorum
