1808 2956
257 186 405 227 nnnnloos
425 188 512 226 ninas
530 188 558 226 v.
745 176 804 223 265

78 352 134 393 tum
147 351 217 392 satus
231 345 347 393 Anchisa
360 351 459 392 caestus
472 351 545 406 pater
558 345 639 392 exulit
652 358 748 406 aequos

34 441 57 483 εἴ)
80 441 106 482 et
118 434 222 496 paribus
236 435 335 496 palmos
350 433 484 481 amborum
497 433 615 480 innexuit
627 433 713 480 armis.

80 523 196 570 constitit
208 523 233 569 in
248 523 342 584 digitos
356 523 484 584 extemplo
498 528 611 570 arrectus
624 528 732 584 uterque

80 611 253 674 bracchiaque
269 612 301 658 ad
315 626 420 673 superus
434 611 564 659 interritus
578 611 670 658 extulit
683 625 768 658 auras.

80 701 213 749 abduxere
226 707 293 748 retro
307 701 385 761 longe
399 700 484 762 capita
497 700 578 748 ardua
591 699 622 746 ab
636 699 688 747 ictu

80 790 268 851 inmiscentqne
286 804 378 836 manus
398 788 516 836 manibus
536 802 703 850 pugnamque
727 787 806 836 loces-

381 883 448 924 sunt.

34 973 59 1014 to
80 967 125 1015 ille
137 967 233 1029 pedum
246 967 338 1015 melior
351 973 422 1013 motu
436 965 566 1028 fretusque
579 966 691 1023 iuventa,

80 1055 122 1103 hic
135 1056 255 1103 membris
270 1063 295 1104 et
308 1056 376 1103 mole
389 1055 485 1112 valens,
501 1055 545 1102 sed
560 1055 634 1102 tarda
646 1054 764 1102 trementi

79 1159 166 1204 genua
179 1145 282 1203 labant,
298 1152 383 1192 vastos
397 1145 480 1207 quatit
493 1159 570 1206 aeger·
583 1144 711 1191 anhelitus
725 1150 802 1190 ortus.

79 1233 161 1280 multa
174 1234 220 1280 viri
234 1235 393 1296 nequiquam
405 1235 472 1282 inter
484 1248 510 1281 se
524 1234 630 1282 volnera
641 1233 746 1290 iactant,

80 1322 162 1368 multa
175 1337 237 1370 cavo
251 1323 324 1370 lateri
338 1323 499 1384 ingeminant
512 1330 537 1370 ot
549 1330 651 1384 pectore
664 1327 748 1368 vastos

34 1415 59 1458 35
81 1410 144 1457 dant
156 1412 264 1470 sonitus,
281 1420 399 1474 erratque
412 1411 480 1458 auris
495 1418 520 1458 et
533 1418 650 1473 tempora
663 1410 759 1457 circum

80 1499 170 1547 crebra
183 1514 282 1558 manus,
299 1500 363 1547 duro
377 1501 504 1562 crepitant
516 1500 562 1548 sub
577 1501 680 1547 volnere
693 1499 785 1545 malae.

79 1594 131 1635 stat
142 1587 226 1648 gravis
239 1588 355 1635 Entellus
370 1589 479 1651 nisuque
492 1589 606 1636 inmotus
620 1587 712 1636 eodem

80 1691 188 1738 corporo
202 1678 253 1724 tela
266 1678 344 1726 modo
358 1685 436 1741 atquo
449 1678 531 1726 oculis
545 1675 710 1738 vigilantibus
724 1673 786 1721 exit.

79 1765 134 1822 ille,
149 1766 218 1812 velut
231 1767 326 1814 celsam
340 1774 474 1829 oppugnat
487 1767 531 1828 qui
545 1765 658 1813 molibus
671 1763 761 1810 urbem

34 1858 59 1901 to
80 1860 124 1900 aut
136 1861 261 1902 montana
273 1856 344 1903 sedet
357 1856 454 1903 circum
467 1855 574 1911 castella
587 1854 633 1903 sub
648 1853 734 1910 armis,

80 1957 149 1990 nunc
161 1943 217 2002 hos,
234 1943 374 2015 nunotillos
387 1943 471 1990 aditus
486 1957 640 2005 omnemque
652 1949 767 2004 pererrat

80 2038 134 2079 arte
147 2032 232 2080 locum
246 2039 272 2080 et
282 2032 359 2079 variis
373 2032 515 2080 adsultibus
529 2033 620 2080 inritus
634 2037 734 2092 urguet.

81 2121 193 2168 ostendit
206 2122 322 2168 dextrum
335 2121 470 2181 insurgens
483 2121 601 2168 Entellus
615 2128 639 2168 et
652 2121 703 2168 alte
776 2161 778 2165 ,

81 2210 187 2257 extulit:
208 2210 252 2258 ille
265 2210 344 2257 iotam
358 2209 502 2257 venientem
516 2225 530 2256 a
543 2209 637 2257 vertice
650 2209 726 2256 velox

34 2303 60 2345 ts
80 2299 206 2361 praevidit
218 2299 346 2360 celerique
360 2298 463 2360 elapsus
478 2312 585 2359 corpore
599 2298 690 2356 cessit3

79 2386 196 2434 Entellus
210 2387 274 2434 vires
287 2387 314 2433 in
327 2394 430 2434 ventum
444 2386 534 2434 effudit
546 2394 572 2434 et
584 2386 652 2433 ultro
677 2396 680 2401 ⁴

80 2476 135 2538 ipse
147 2476 232 2537 gravis
245 2478 407 2537 graviterque
420 2476 452 2522 ad
466 2481 559 2523 terram
572 2476 686 2537 pondere
699 2480 771 2521 vasto

82 2565 196 2612 concidit
208 2572 236 2611 ut
249 2565 384 2627 quondam
397 2580 463 2614 caua
475 2564 598 2614 condidit
608 2555 836 2620 airammum

70 2659 117 2696 aar
126 2652 174 2699 Ida
186 2653 215 2700 in
228 2669 329 2720 inagna
344 2657 488 2709 radicibus
504 2662 588 2706 eruta
598 2651 700 2714 plm-
