1808 2956
296 186 444 226 sanamus
471 189 555 228 aranu
573 190 615 228 nr.
793 182 857 230 2οῖ

128 350 153 390 et
166 341 255 404 positis
269 342 319 390 aris
332 343 384 390 iam
397 354 456 391 vota
469 345 496 391 in
510 346 585 393 litore
597 347 690 404 solves,

55 435 107 479 405
127 445 256 493 purpureo
269 431 353 479 velare
367 446 454 479 conius
468 434 605 495 arlopertus
620 435 724 492 amictu,

128 534 214 581 nequa
226 520 292 566 inter·
305 528 407 567 sanctos
420 521 488 582 ignis
501 522 528 568 in
542 522 640 571 honore
653 523 761 572 deorum

127 607 228 655 hostilis
242 607 319 656 facies
334 617 452 658 occurrat
465 616 490 658 et
502 611 591 658 omina
603 611 696 659 turbet.

127 696 197 746 hunc
209 697 272 745 socii
286 711 383 744 morem
397 712 538 756 sacrorum,
554 698 623 747 hunc
636 700 690 762 ipse
704 708 800 761 teneto,

129 785 178 834 hac
191 785 254 833 casti
267 792 390 833 maneant
402 787 429 833 iu
443 786 569 847 religione
581 795 698 850 nepotes.

56 878 108 921 410
129 882 168 921 ast
181 873 224 920 ubi
238 873 382 934 digressum
396 872 500 923 Siculae
513 883 538 923 te
551 876 693 925 admoverit
706 892 767 927 orae

127 970 216 1010 ventus
230 971 255 1010 et
268 963 370 1023 augusti
384 973 514 1012 rarescent
526 965 639 1012 claustra
650 966 747 1025 Pelori,

128 1050 202 1099 laeva
214 1050 260 1098 tibi
274 1052 350 1098 tellus
364 1060 389 1098 et
401 1053 481 1113 longo
496 1053 569 1101 laeva
582 1061 702 1115 petantur

128 1153 243 1200 aequora
255 1139 380 1198 circuitu3
400 1141 518 1188 dextrum
533 1142 592 1203 fuge
606 1142 666 1190 litus
679 1149 705 1191 et
717 1143 810 1191 undas.

128 1227 191 1275 hacc
205 1229 264 1276 loca
276 1228 300 1275 vi
313 1229 446 1290 quondam
459 1237 484 1277 et
495 1238 567 1278 rasta
580 1232 703 1280 convolsa
716 1232 791 1280 ruina

56 1321 107 1362 415
128 1315 240 1377 (tantum
254 1317 308 1365 aevi
322 1317 467 1380 longinqua
479 1319 547 1366 valet
560 1327 659 1368 mutare
672 1320 796 1384 vetustas)

129 1404 269 1464 dissiluisse
283 1405 376 1463 ferunt,
393 1420 451 1453 cum
465 1406 581 1469 protinus
594 1415 703 1471 utruque
717 1409 793 1458 tellus

129 1508 181 1541 una
194 1494 275 1552 soret3
295 1495 365 1542 venit
376 1494 462 1542 medio
476 1495 499 1542 vi
513 1504 607 1558 pontus
621 1504 646 1544 et
658 1498 734 1545 undis

129 1581 282 1645 Hesperium
296 1581 384 1631 Siculo
405 1584 471 1632 latus
486 1583 595 1632 abscidit
613 1600 724 1647 arvaque
743 1593 767 1633 et
780 1585 859 1634 urbes

128 1671 202 1719 litore
216 1672 334 1720 diductas
348 1680 458 1733 angusto
472 1673 588 1720 interluit
600 1681 682 1721 aestu.

58 1764 108 1806 420
128 1759 246 1807 dextrum
258 1759 347 1822 Scylla
360 1761 435 1816 latus,
451 1762 552 1808 laevom
565 1761 698 1823 inplacata
712 1761 858 1826 Charybdis

129 1846 230 1896 obsidet
242 1856 319 1911 utque
332 1850 385 1896 imo
398 1849 512 1897 barathri
527 1856 564 1898 ter
576 1851 678 1911 gurgite
692 1860 778 1900 vastos

128 1936 215 1984 sorbet
228 1938 254 1984 in
268 1938 406 2000 abruptum
418 1938 510 1986 fluctus
524 1953 663 2000 rursusque
676 1939 723 1987 sub
738 1956 814 1989 auras

128 2025 204 2086 erigit
217 2027 330 2074 alternos
343 2034 368 2075 et
381 2026 467 2074 sidera
478 2026 595 2074 verberat
607 2027 686 2076 unda.

128 2120 155 2162 at
168 2112 281 2176 Scyllam
295 2115 378 2163 caecis
392 2115 495 2164 cohibet
508 2117 632 2178 spelunca
644 2118 758 2175 latebris,

57 2206 107 2248 425
128 2216 174 2249 ora
188 2210 347 2251 exortantem
361 2211 385 2252 et
398 2204 469 2252 navis
483 2204 509 2250 in
523 2219 586 2252 saxa
599 2205 752 2254 trahentem.

128 2291 212 2353 prima
224 2290 337 2339 hominis
351 2292 429 2340 facies
443 2299 467 2339 et
480 2292 588 2354 pulchro
602 2302 705 2356 pectore
717 2295 790 2356 virgo

128 2378 195 2440 pube
209 2386 292 2438 tenus,
308 2387 437 2441 postrema
449 2380 547 2429 inmani
562 2396 670 2444 corpore
684 2383 785 2446 pistrix,

128 2468 279 2530 delphinum
294 2469 389 2517 caudas
402 2477 475 2516 utero
489 2470 627 2518 commissa
640 2471 771 2533 luporum.

128 2563 242 2619 praestat
254 2557 382 2606 Trinacrii
394 2566 478 2608 metas
490 2557 747 2619 lustrareiuchuxix

51 2649 103 2690 430
122 2653 274 2709 cessantem,
292 2649 391 2716 longos
405 2660 434 2703 et
448 2653 671 2704 circumiiemerc
685 2653 800 2692 cursus„
