1808 2956
255 165 403 207 Arsames
420 167 510 208 LIBER
525 169 556 208 X·

79 325 239 387 linquentem
252 329 332 372 terras
346 330 371 372 et
383 323 469 373 sidera
480 339 543 374 voce
556 332 714 388 sequentem.

79 413 156 473 lilius,
172 412 288 476 aequalis
302 412 439 461 comitatus
453 414 670 473 obcaecatorum,

46 507 58 550 5
78 503 210 563 ingentem
223 501 300 550 remis
314 500 472 550 Centaurum
486 508 634 566 promovet:
654 503 700 551 ille

79 591 158 639 instat
170 605 253 654 aquae
266 605 408 653 saxumque
421 591 497 638 undis
510 592 614 640 inmane
627 592 739 641 minatur

79 681 173 727 arduos
187 687 213 728 et
224 680 304 740 longa
317 679 401 727 sulcat
413 679 495 727 maria
508 680 559 727 alta
574 680 670 728 carina.

114 769 162 817 Ille
176 768 254 816 etiam
266 768 355 830 patriis
369 781 462 828 agmen
476 768 526 816 ciet
538 767 626 816 Ocnus
640 769 672 816 ab
685 769 746 829 oris,

79 858 200 905 fatidicae
212 857 316 904 Mantus
330 863 354 904 et
367 856 444 904 Tusci
458 856 526 905 filius
540 857 633 916 amnis,

46 951 60 994 0
80 947 123 1008 qul
138 960 224 993 muros
238 945 379 1007 matrisque
392 945 463 992 dedit
475 945 531 1005 tibi,
546 946 663 1004 Mantua,
679 959 782 1004 nomen,

80 1035 197 1093 Mantua,
213 1034 282 1082 dives
296 1034 363 1081 avis:
379 1033 423 1081 sed
437 1046 490 1080 non
500 1047 581 1095 genus
589 1034 708 1082 omnibus
716 1049 796 1082 unum

81 1137 143 1183 gons
156 1123 195 1170 illi
209 1122 311 1186 triplex,
327 1122 416 1185 populi
430 1122 477 1169 sub
490 1129 566 1184 gente
580 1124 706 1186 quaterni,

81 1211 137 1273 ipsa
150 1218 227 1273 caput
239 1212 350 1274 populis,
366 1211 452 1260 Tusco
467 1212 498 1260 de
510 1212 637 1273 sanguine
648 1213 722 1261 vires.

80 1300 141 1349 hinc
154 1315 258 1364 quoquo
271 1301 426 1363 quingentos
439 1300 465 1346 in
479 1315 506 1348 se
518 1301 659 1350 Mezentius
673 1307 764 1359 armat,

48 1394 61 1437 5
82 1404 147 1452 quos
161 1396 232 1452 patre
244 1389 349 1437 Benaco
363 1389 461 1436 velatus
474 1388 620 1438 harundine
632 1391 727 1451 glauca

80 1478 192 1525 Mincius
205 1477 298 1524 infesta
311 1476 422 1524 ducebat
433 1477 460 1522 in
474 1491 588 1538 aequora
601 1478 672 1540 pinu.

82 1567 103 1612 it
115 1565 198 1626 gravis
212 1564 331 1613 Aulestes
346 1572 506 1627 centenaque
519 1564 609 1612 arbore
622 1566 728 1612 fluctum

83 1653 199 1701 verberat
210 1651 352 1712 adsurgens
361 1669 367 1710 3
382 1658 503 1713 spumant
512 1651 578 1700 vada
587 1667 715 1700 marmore
726 1667 808 1700 verso.

83 1740 152 1787 bunc
165 1739 234 1786 vehit
246 1739 357 1786 inmunis
370 1739 461 1786 Triton
475 1746 501 1787 et
513 1739 617 1788 caerula
630 1740 730 1789 concha

84 1837 214 1877 exterrens
227 1827 307 1887 freta3
328 1827 368 1875 cui
383 1828 491 1875 laterum
505 1835 579 1875 tenus
592 1827 696 1890 hispida
708 1829 780 1876 nanti

86 1918 155 1966 frons
168 1916 299 1965 hominem
313 1915 432 1979 praefert,
448 1917 475 1964 iu
489 1916 588 1980 pristim
601 1917 695 1965 desinit
708 1917 794 1976 alvos;

93 2021 191 2070 :pumea
203 2004 322 2054 semifero
335 2006 382 2053 sub
396 2012 500 2068 pectore
512 2012 655 2054 murmurat
666 2006 746 2053 uude.

119 2094 170 2142 Tot
183 2095 242 2143 lecti
257 2109 375 2157 proceres
388 2101 426 2143 ter
439 2095 511 2142 denis
525 2095 632 2142 navibus
644 2095 718 2142 ibant

105 2183 200 2231 rbsidio
212 2183 308 2233 Troiae
321 2191 346 2232 et
359 2197 463 2246 campos
476 2183 537 2232 salis
551 2198 609 2232 aere
622 2183 752 2232 secabant.

121 2272 228 2334 Iamque
242 2273 296 2321 dies
310 2273 382 2321 caelo
397 2279 558 2321 concesserat
571 2273 691 2335 almaque
704 2287 779 2320 curru

118 2360 221 2423 ctivago
235 2361 338 2410 Phoebe
354 2361 467 2410 medium
480 2361 601 2424 pulsabat
614 2360 768 2423 Olympum:

126 2464 188 2497 neas
202 2449 297 2512 (neque
310 2449 379 2498 enim
391 2448 512 2498 membris
526 2450 570 2497 dat
582 2464 644 2499 cura
657 2449 782 2512 quictem)

130 2553 141 2586 e
154 2539 246 2587 sedens
260 2540 412 2602 clavomque
424 2538 491 2600 regit
502 2537 782 2601 velisquemxmsam.

137 2642 160 2676 re
171 2628 213 2676 illi
225 2629 315 2680 medio
328 2629 356 2679 in
371 2629 462 2697 spatio
478 2628 593 2688 cuorus,
608 2637 688 2679 esces
700 2622 823 2662 *mm
