1808 2956
60 178 97 225 86
297 187 322 225 Ρ.
344 186 465 225 VERGILI
480 185 611 224 MAuouls

77 349 108 391 65
128 349 205 406 etque
219 343 296 391 elium
309 357 341 391 ex
355 343 407 390 alia
419 343 567 404 generando
581 343 671 390 suffice
684 343 790 405 prolem.

128 433 226 494 optima
238 446 355 494 quaeque
369 432 422 479 dies
435 431 534 478 miseris
547 431 700 479 mortalibus
714 432 766 480 aevi

128 522 210 584 prims
223 521 296 582 sugit,
313 519 423 567 subeunt
435 520 518 567 morbi
532 520 661 582 tristisque
675 529 790 568 senectus

128 617 153 658 et
165 610 239 658 labor
252 616 277 658 et
289 610 369 656 durae
381 609 449 670 rapit
461 609 627 656 inclementia
640 610 740 656 mortis.

127 713 227 761 semper
240 706 315 747 eruut
327 713 436 760 quarum
450 696 542 744 mutari
557 708 667 758 corporo
680 699 770 746 mulis:

76 791 107 836 to
127 803 228 850 semper
241 788 309 836 enim
322 786 397 834 retice
411 801 449 844 ac,
467 800 498 833 ne
512 793 571 847 post
584 787 679 832 amissa
692 787 814 849 requiras,

127 876 244 925 anteveni
258 882 283 924 ct
295 875 412 923 subolem
425 881 541 922 armento
555 875 646 923 sortire
660 875 816 937 quotannis.

162 965 280 1012 Necnon
295 972 320 1012 et
332 963 419 1025 pecori
434 970 471 1010 est
483 963 552 1011 idem
566 964 681 1010 delectus
695 965 799 1026 equino.

127 1061 154 1100 tu
172 1054 264 1112 modo,
285 1067 350 1114 qnos
364 1053 390 1099 in
404 1067 476 1114 spem
489 1059 585 1099 statues
598 1050 749 1101 submittere
761 1051 845 1114 gentis,

127 1143 295 1204 praecipuum
308 1142 359 1188 iam
372 1141 432 1187 inde
446 1155 461 1186 a
474 1142 567 1188 teneris
581 1141 692 1202 inpende
706 1141 827 1188 laborem.

77 1233 108 1278 75
129 1231 252 1278 contiuuo
265 1230 365 1292 pecoris
379 1229 497 1290 generosi
510 1229 596 1290 pullus
610 1229 636 1276 in
651 1229 716 1275 urus

129 1319 204 1366 altius
217 1318 360 1379 ingreditur
373 1325 399 1365 et
410 1317 502 1365 mollis
515 1332 589 1364 crura
601 1317 711 1378 reponit,

128 1407 225 1469 primus
239 1414 264 1454 et
277 1407 313 1454 ire
327 1407 393 1453 vium
407 1413 432 1454 et
444 1406 534 1453 fluvios
548 1412 672 1468 temptare
685 1406 798 1455 minaces

129 1496 206 1542 audet
219 1502 244 1542 ct
256 1496 345 1555 ignoto
359 1508 414 1542 sese
427 1494 587 1542 committere
599 1494 672 1555 ponti

128 1597 176 1631 uec
188 1597 267 1630 venos
280 1582 368 1630 horret
380 1582 508 1644 strepitus.
538 1583 575 1629 illi
589 1583 671 1629 ardua
684 1584 779 1643 cervix,

75 1676 108 1720 80
128 1678 298 1733 argutumque
312 1678 398 1733 caput,
414 1670 496 1718 brevis
510 1672 590 1728 ulvos,
606 1671 737 1733 obesaque
750 1681 826 1733 terge.

128 1760 293 1822 luxuriatque
305 1760 368 1807 toris
382 1759 527 1806 animosum
541 1767 638 1821 pectus.
667 1760 770 1808 honesti

128 1849 244 1911 spadices
257 1848 404 1910 glaucique‚
421 1849 493 1895 color
506 1848 656 1896 deterrimus
670 1848 736 1896 albis

128 1943 153 1984 et
165 1937 243 1998 gilvo.
271 1943 325 1983 tum
338 1937 413 1998 siqua
426 1950 517 1982 sonum
531 1937 621 1998 procul
636 1951 709 1984 arma
721 1938 820 1987 (ledere.

127 2032 195 2073 stare
208 2026 266 2073 loco
280 2025 370 2084 nescit,
386 2025 465 2072 micet
477 2024 580 2071 curribus
594 2031 619 2072 et
631 2026 718 2073 tremit
731 2035 802 2075 urtus

75 2117 107 2161 85
128 2115 316 2175 collectumque
329 2113 439 2161 fremens
452 2113 531 2161 volvit
542 2114 588 2161 sub
603 2113 708 2161 naribus
722 2115 815 2176 ignem.

127 2202 207 2251 densa
219 2202 281 2250 iube
294 2210 319 2250 et
331 2203 422 2250 dextro
436 2201 530 2249 iactata
542 2202 669 2250 recumbit
681 2203 708 2249 in
722 2217 806 2261 arm03

127 2298 153 2337 nt
165 2291 262 2352 duplex
275 2291 360 2352 agitur
372 2306 418 2353 per
431 2291 532 2339 lumbos
545 2292 628 2354 spina,
644 2301 769 2354 curatque

124 2379 243 2427 tellurem
257 2386 282 2427 et
294 2380 378 2427 solido
391 2380 503 2441 graviter
515 2387 590 2426 sonet
603 2381 702 2440 ungula
714 2396 803 2430 cornu.

126 2467 184 2514 tulis
197 2468 331 2529 Amyclaei
345 2468 457 2515 domitus
471 2468 585 2516 Pollucis
599 2468 706 2517 habenis

74 2558 106 2602 90
127 2553 246 2618 Cyllarus
260 2562 293 2613 et,
310 2571 421 2618 quorum
434 2555 495 2603 Grai
510 2556 650 2604 meminere
661 2565 764 2618 poetae,

124 2643 215 2691 Martis
229 2643 288 2704 equi
302 2643 401 2704 biiuges
415 2651 441 2692 et
453 2645 539 2705 magui
554 2659 642 2691 currus
657 2645 771 2704 Achilli3
