1808 2956
284 192 432 232 Aruernos
454 193 541 231 trena
558 193 597 231 vr.
777 181 834 227 ret

112 350 256 409 defuerint3
277 350 343 397 alius
356 349 432 396 natio
446 349 498 396 tam
511 355 598 410 partus
611 348 737 406 Achilles,
802 331 805 339 '

54 446 90 489 90
112 445 187 487 nutus
202 439 293 501 etipse
307 439 370 497 dca3
391 453 438 485 nec
452 438 558 485 Teucris
573 436 661 484 addita
673 437 738 483 Iuno

112 543 222 590 usquam
235 527 324 584 aberit,
342 542 399 574 cum
413 533 441 572 tu
454 526 563 588 supplex
576 525 602 572 in
615 524 690 572 rebus
704 525 791 586 egenis

112 631 175 679 quas
188 622 277 677 gentes
290 614 386 662 Italum
399 622 443 661 aut
456 629 520 676 quas
533 629 586 661 non
600 614 711 660 oraveris
725 613 814 661 urbes!

112 720 190 752 causa
202 704 264 751 mali
278 704 342 751 tanti
357 704 470 751 coniunx
482 703 575 750 iterum
587 702 690 764 hospita
702 702 809 750 Teucris

111 778 262 855 externique
274 793 366 840 iterum
380 791 496 838 thalami.

56 886 89 929 95
111 887 139 928 tu
152 895 185 928 ne
198 881 260 929 cede
273 882 357 939 malis,
374 882 417 928 sed
432 889 521 929 contra
535 880 670 928 audentior
683 880 729 940 ito,

111 985 164 1031 qua
176 976 220 1017 tua
233 977 257 1017 te
269 970 383 1018 Fortuna
396 971 470 1018 sinet.
498 971 538 1018 via
552 970 635 1031 prima
648 969 746 1028 salutis,

111 1058 181 1119 qnod
195 1058 300 1105 minime
313 1059 385 1115 reris,
402 1057 481 1106 Graia
493 1058 620 1120 pandetur
633 1057 665 1106 ab
681 1049 763 1106 urbe'

146 1145 254 1194 Talibus
267 1162 299 1194 ex
312 1147 389 1208 adyto
403 1148 477 1195 dictis
491 1145 604 1208 Cymaea
617 1146 717 1208 Sibylla

111 1234 252 1282 horrendas
267 1235 336 1283 canit
348 1235 470 1295 ambages
484 1242 609 1296 antroque
623 1235 741 1296 remugit,

38 1328 90 1371 100
111 1322 226 1371 obscuris
239 1339 299 1370 vera
312 1324 458 1371 involvens:
480 1339 511 1372 ea
523 1324 596 1372 frena
608 1324 701 1371 furenti

112 1412 225 1459 concutit
238 1419 262 1460 et
275 1412 392 1460 stimulos
406 1412 453 1459 sub
467 1420 570 1475 pectore
583 1413 658 1461 vertit
670 1413 776 1475 Apollo.

110 1506 139 1546 ut
150 1500 260 1562 primum
275 1502 350 1548 cessit
363 1501 433 1548 furor
446 1507 471 1549 et
483 1501 574 1550 rabida
588 1516 633 1549 ora
648 1502 775 1563 quierunt,

50 1569 57 1582 ’
109 1588 201 1650 incipit
212 1590 315 1638 Aeneas
328 1591 403 1637 heros
414 1580 478 1637 ‘non
491 1591 546 1637 ulla
559 1590 686 1647 laborum,

110 1691 125 1724 o
138 1677 220 1738 virgo,
236 1693 304 1726 nova
316 1679 351 1725 mi
365 1679 595 1749 faciesinopinavc
608 1679 706 1738 surgit;

37 1771 88 1814 105
110 1766 199 1813 omnia
211 1767 330 1829 praecepi
343 1774 420 1829 atquc
434 1767 520 1815 animo
534 1782 635 1814 mecum
648 1773 707 1814 ante
720 1765 816 1828 peregi.
867 1792 870 1797 ·

109 1869 190 1901 unum
203 1869 264 1902 oro:
287 1857 390 1917 qnando
404 1857 447 1904 hic
459 1856 553 1905 inferni
566 1856 645 1904 ianua
658 1855 725 1916 regis

109 1943 203 1990 dicitur
216 1950 241 1991 et
253 1943 390 1991 tenebrosa
402 1946 477 2007 palus
490 1946 638 1993 Acheronte
651 1943 746 2003 refuso,

108 2031 146 2078 ire
159 2033 191 2079 sd
206 2040 372 2095 conspectum
386 2035 438 2081 cari
452 2034 575 2095 genitoris
589 2042 614 2082 et
627 2048 672 2081 ora

109 2121 259 2181 contingat3
281 2121 373 2168 doceas
387 2122 435 2169 iter
448 2130 473 2170 et
485 2138 559 2172 sacre
572 2124 638 2170 ostia
651 2107 758 2185 pandas}

36 2215 88 2256 110
109 2209 184 2256 illum
197 2223 245 2270 ego
259 2225 305 2271 per
318 2210 434 2258 flammas
448 2218 472 2259 et
485 2212 556 2259 mille
569 2212 703 2274 sequentia
716 2212 768 2259 tela

108 2298 190 2362 eripui
205 2298 243 2344 his
257 2299 350 2346 umeris
364 2300 501 2360 medioque
515 2314 547 2346 ex
558 2300 632 2347 hoste
645 2300 739 2361 recepi,

108 2386 153 2433 ille
166 2401 251 2434 meum
265 2388 401 2434 comitatus
415 2389 463 2435 iter
476 2388 556 2435 maria
570 2389 658 2435 omnia
670 2402 771 2435 mecum

108 2480 186 2536 atque
199 2475 282 2522 omnis
295 2476 433 2538 pelagique
445 2476 529 2524 minas
544 2477 661 2538 caelique
674 2476 779 2536 ferebat,

108 2563 245 2621 invalidus,
261 2564 326 2611 vires
339 2565 408 2613 ultra
421 2571 572 2628 sortemque
583 2571 719 2612 senectae.

31 2655 83 2696 115
102 2650 165 2710 quin
180 2659 208 2698 ut
220 2658 244 2700 te
257 2656 373 2720 supplex
387 2664 510 2724 peterem
525 2664 555 2707 et
565 2663 617 2704 tue
624 2651 732 2700 limine
740 2643 856 2693 sunem
