1808 2956
76 157 132 204 150
310 166 336 204 P.
353 165 474 204 VERGILI
495 165 625 205 MARONIS

141 321 183 369 hic
196 337 284 370 cursus
297 322 361 370 fuit:

72 415 120 458 535
142 425 200 458 eum
213 410 298 458 subito
312 412 453 472 adsurgens
466 411 544 460 fluctu
558 411 690 459 nimbosus
705 411 787 460 Orion

141 498 168 546 in
181 500 248 547 vada
261 514 338 548 caeca
351 500 410 547 tulit
422 501 575 562 penitusque
588 500 741 562 procacibus
755 501 847 549 austris

141 602 238 650 perque
250 589 333 636 undas
347 597 484 651 superante
497 589 553 636 salo
567 603 662 651 perque
676 588 744 635 invia
757 604 821 637 saxa

142 676 264 741 dispulit3
284 677 334 726 hnc
348 678 423 740 pauci
437 679 526 726 vestris
541 678 692 725 adnavimus
707 678 767 725 oris.

143 766 212 828 quod
237 780 318 828 genus
345 766 394 814 hoc
419 766 571 814 hominum?
602 781 699 827 quaeve
724 766 793 815 huuc
819 775 872 815 tarn

445 855 554 903 barbara
567 870 664 902 morem

74 947 123 990 540
143 943 267 1007 permittit
280 944 381 1006 patria?
401 944 513 1006 bospitio
528 944 693 1006 prohibemur
706 943 835 1003 harenae;

143 1031 214 1079 bella
226 1032 294 1079 cient
307 1032 441 1094 primaque
453 1040 540 1081 vetant
553 1033 692 1080 consistere
706 1041 782 1081 terra.

143 1120 164 1167 si
177 1134 258 1181 genus
272 1121 414 1168 humanum
428 1128 452 1168 ct
465 1123 585 1169 mortalia
598 1121 710 1169 temnitis
724 1137 804 1180 arma,

145 1214 171 1256 at
183 1216 282 1271 sperate
296 1209 357 1257 deos
370 1224 496 1258 memores
511 1209 579 1257 fundi
595 1217 671 1272 atque
685 1209 798 1257 nefandi.

144 1311 189 1344 rex
202 1304 256 1345 erat
269 1298 371 1346 Aeneas
385 1298 467 1352 nobis,
484 1314 536 1360 quo
550 1299 640 1350 iustior
654 1299 718 1346 alter

75 1389 124 1432 545
145 1399 192 1433 nee
206 1386 300 1447 pietate
314 1387 361 1433 l'uit
374 1402 422 1435 uec
435 1386 505 1434 bello
519 1388 601 1434 maior
615 1396 639 1435 et
653 1387 738 1434 armis.

145 1488 222 1536 quem
234 1475 255 1522 si
269 1474 322 1523 sata
334 1475 416 1522 virum
430 1483 540 1535 servant,
556 1477 577 1523 si
591 1477 701 1524 vescitur·
714 1490 778 1522 aura

146 1563 260 1611 aetheria
272 1578 356 1626 neque
370 1557 454 1613 adlruc'
472 1565 619 1612 crudelibus
637 1564 747 1613 occubat
765 1564 872 1621 umbris,

145 1667 198 1698 non
211 1660 293 1700 metus
307 1654 393 1702 oilicio
408 1668 438 1701 nc
452 1662 476 1701 te
490 1661 605 1709 certasse
613 1655 726 1716 priorem

145 1741 284 1802 paeniteat.
312 1751 372 1790 sunt
385 1750 409 1791 et
422 1742 516 1790 Siculis
530 1743 678 1803 regionibus
692 1742 767 1790 urbes

77 1833 126 1876 550
147 1845 257 1892 arvaque
270 1829 436 1893 Troianoque
450 1847 465 1877 a
477 1832 604 1893 sangnine
617 1833 701 1879 clarus
715 1832 830 1879 Acestes.

147 1927 295 1980 quassatam
308 1921 389 1967 ventis
403 1920 479 1967 liceat
491 1919 634 1967 subducere
648 1921 757 1967 classem

147 2015 172 2054 et
184 2006 253 2055 silvis
268 2016 356 2070 aptare
370 2008 454 2056 trebes
468 2016 493 2056 ct
505 2009 631 2069 stringere
643 2023 744 2067 rcm0s3

147 2095 168 2142 si
183 2096 258 2143 datur
270 2097 374 2145 ltaliam
387 2097 463 2144 sociis
478 2104 503 2145 et
515 2111 575 2158 rege
589 2105 692 2159 recepto

147 2185 260 2244 tendere,
276 2193 304 2234 nt
317 2186 420 2234 ltaliam
434 2185 495 2233 laeti
508 2185 664 2247 Latiumque
677 2193 809 2248 petamus:

76 2276 127 2320 555
147 2273 188 2320 sin
213 2273 350 2337 absumpta
374 2274 444 2322 salus
470 2281 495 2321 et
520 2281 558 2332 tc,
591 2282 664 2335 puter
690 2275 786 2336 optime
810 2273 878 2322 Ten·

450 2378 530 2420 orum,

148 2457 242 2514 pontus
255 2451 333 2500 habet
346 2451 443 2512 Libyae
458 2466 505 2500 nec
518 2467 575 2514 spes
589 2452 641 2499 iam
654 2459 732 2499 restat
744 2451 804 2511 Iuli,

147 2547 175 2586 at
186 2539 253 2588 freta
266 2538 386 2588 Sicaniae
400 2540 492 2587 saltem
505 2543 629 2604 sedesque
643 2548 756 2603 paratas,

126 2627 201 2672 unde
212 2626 269 2676 huc
280 2629 397 2692 advecti,
414 2645 560 2698 regemque
573 2638 695 2696 petamus
709 2619 834 2678 Acesten?
