1808 2956
117 308 177 356 306
354 313 380 352 Ρ.
397 311 518 351 VERGILI
538 309 670 350 Mluorus

186 471 286 519 saevior
298 470 366 517 intus
379 469 457 516 habet
469 468 566 515 sedem.
594 474 649 514 tum
662 467 791 516 Tartarus
805 469 859 532 i'pse

186 558 303 620 bispatet
315 558 341 604 in
355 570 478 620 praeceps
492 562 593 603 tantum
601 555 737 617 tenditque
750 556 800 603 sub
814 555 904 604 umbr·

124 636 127 642 ⁴
186 653 298 709 quantus
312 646 344 693 ad
358 645 499 693 aetherium
513 643 578 691 caeli
591 649 727 705 suspectus
741 642 888 707 Olympum.

117 740 167 783 580
187 735 230 782 hic
241 748 323 796 genus
337 733 451 780 anticum
464 731 568 790 Terrae,
584 731 689 778 Titania
703 731 796 793 pubes,

186 823 294 870 fulmine
308 821 399 870 deiecti
412 820 492 867 fundo
504 820 642 867 volventur
654 819 681 866 in
694 819 758 867 imo.

187 912 229 959 hic
243 917 268 959 et
280 909 389 958 Aloidas
402 908 519 970 geminos
533 907 649 955 inmania
661 907 714 954 vidi

189 1012 305 1061 corpora,
323 997 366 1059 qui
380 996 498 1044 manibus
517 1010 641 1057 magnum
654 995 803 1046 rescindere
816 998 904 1047 caelu*

190 1086 304 1148 adgressi
317 1084 467 1146 superisque
479 1084 566 1132 Iovem
580 1083 715 1131 detrudere
729 1086 827 1146 regnis.

119 1180 168 1222 585
188 1174 239 1221 vidi
254 1179 278 1220 et
291 1173 400 1221 cmdelis
414 1173 518 1220 dantem
533 1171 673 1220 Salmonea
684 1186 796 1234 poenas,

188 1263 249 1308 dum
261 1261 377 1308 flammas
390 1261 458 1308 Iovis
472 1267 497 1307 et
509 1260 608 1307 sonitus
621 1259 737 1307 imitatur
750 1259 866 1325 Olympi.

188 1356 310 1411 quattuor
322 1348 364 1396 hic
376 1349 489 1396 invectus
503 1348 576 1410 equis
589 1354 614 1395 et
626 1348 750 1410 lampada
763 1364 887 1410 quassans

188 1452 233 1500 per
246 1435 354 1484 Graium
372 1437 482 1498 populos
502 1436 654 1497 mediaeque
666 1449 712 1498 per
724 1435 809 1485 Elidis
826 1438 904 1486 urben

188 1525 241 1573 ibat
254 1538 331 1572 ovans
345 1525 481 1585 divomque
494 1523 541 1570 sibi
555 1523 678 1586 poscebat
690 1523 829 1586 bonorem,

119 1619 169 1662 590
189 1613 302 1671 demens,
318 1613 362 1674 qui
376 1611 477 1659 nimbos
490 1619 515 1659 et
527 1625 580 1658 non
594 1611 720 1660 imitabile
733 1612 833 1662 fulmen

189 1716 247 1751 aere
260 1708 285 1749 et
297 1701 464 1762 cornipedum
477 1700 552 1761 pulsu
567 1699 700 1747 simularet
713 1714 850 1763 equorum.

188 1798 214 1837 at
226 1797 299 1853 pater
312 1789 475 1850 omnipotens
488 1788 569 1835 densa
581 1788 648 1835 inter
660 1786 751 1836 nubila
764 1789 846 1838 telum

188 1879 320 1935 contorsit,
336 1891 388 1923 non
402 1876 447 1924 ille
460 1876 528 1923 faces
541 1891 589 1923 nec
602 1876 689 1924 lumea
701 1876 784 1924 taedis

188 1967 294 2024 lumina,
310 1965 529 2028 praecipitemque
542 1963 640 2011 inmani
654 1963 755 2012 turbine
770 1966 866 2028 adegit.

118 2059 167 2102 595
188 2067 306 2102 necnon
326 2059 351 2101 et
370 2052 479 2114 Tityon,
508 2051 603 2100 Terrae
623 2052 811 2114 omniparentis
834 2055 902 2103 alum

487 2154 558 2198 num,

188 2243 291 2278 cernere
304 2235 366 2285 erat,
381 2242 428 2291 per
441 2234 495 2275 tota
507 2241 599 2275 novem
613 2227 653 2275 cui
667 2227 758 2288 iugera
772 2243 868 2293 corpus

188 2316 327 2380 porrigitur
339 2323 473 2379 rostroque
485 2316 597 2363 inmanis
610 2316 695 2362 voltur
707 2315 811 2365 obunco

188 2405 325 2453 inmortale
337 2405 408 2452 iecur
420 2404 529 2451 tondens
542 2403 704 2464 secundaque
717 2405 809 2465 poenis

189 2493 286 2541 viscera
298 2492 457 2555 rimaturque
469 2491 552 2554 epulis
565 2491 715 2554 habitatque
728 2492 776 2539 sub
790 2494 845 2542 alto

121 2587 171 2631 600
190 2589 294 2644 pectore
307 2595 355 2629 nec
368 2580 437 2628 libris
450 2580 550 2643 requies
564 2579 640 2626 datur
652 2579 708 2627 ulla
720 2581 827 2629 renatis.

190 2670 251 2732 quid
265 2682 405 2717 memorem
418 2667 542 2730 Lapithas
554 2666 647 2714 Ixione
659 2666 876 2732 Pirithoumque?

176 2774 246 2822 qnos
257 2773 340 2825 super
352 2765 411 2809 atra
423 2758 493 2808 silex
503 2755 561 2805 iam
570 2755 628 2803 iam
642 2755 753 2816 lapsura
769 2756 896 2815 cadsuuq
