1808 2956
246 190 394 229 sanamus
418 191 506 230 mann
522 192 562 231 tu.
742 184 805 232 303

30 353 53 396 ιο
73 345 213 408 Deiphobe
226 347 393 408 armipotens
408 360 489 408 genus
504 349 556 396 alto
570 363 586 396 a
599 349 724 410 sanguine
738 349 809 398 Teu-

379 435 424 493 ori,

75 523 134 586 quis
146 528 200 569 tem
213 522 324 570 erudelis
336 524 436 584 optavit
448 538 549 571 sumere
562 524 675 586 poenas?

75 610 118 659 cui
131 617 231 658 tantum
245 611 277 659 de
289 619 314 659 te
327 612 418 660 licuit?
438 612 501 659 mihi
515 611 584 660 fama
596 627 717 674 supreme

75 705 154 747 noete
167 699 226 747 tulit
238 698 332 747 fessum
345 707 417 748 vasta
429 707 454 748 te
468 701 547 748 caede
559 700 698 762 Pelasgum

75 787 244 850 procubuisse
257 802 334 850 super
347 788 470 837 confusae
483 789 575 850 stragis
588 804 715 838 acervom.

30 882 55 925 t5
76 883 139 924 tuno
150 884 254 937 egomet
267 877 394 924 tumulum
407 876 523 925 Rhoeteo
536 877 611 925 litore
624 877 729 926 inanem

77 964 198 1012 constitui
213 971 238 1012 et
250 978 346 1025 magne
358 966 442 1012 manis
456 972 494 1013 ter
506 980 568 1014 voce
581 966 679 1014 vooevi.

76 1065 171 1100 nomen
185 1059 211 1100 et
223 1067 296 1099 arma
308 1054 395 1101 locum
408 1060 522 1100 servant:
544 1060 578 1112 te,
594 1054 685 1113 tamise,
701 1055 810 1118 nequivi

77 1141 226 1204 conspicere
239 1148 265 1189 et
277 1141 361 1204 patria
374 1141 501 1190 decedens
513 1156 609 1205 ponere
623 1133 709 1191 terra'

78 1230 110 1276 ad
125 1243 191 1291 quae
203 1229 346 1277 Priamides
356 1218 433 1277 ‘nihil
447 1245 462 1277 o
476 1230 522 1278 tibi
536 1231 618 1280 amice
630 1232 764 1292 relietum3

30 1323 58 1366 lo
79 1318 167 1365 emnia
179 1317 319 1381 Deiphobo
332 1319 429 1366 solvisti
443 1325 468 1367 et
479 1319 577 1367 funeris
589 1319 696 1368 umbris.

78 1407 122 1455 sed
135 1421 177 1454 me
190 1406 243 1455 sate
255 1421 314 1455 mea
325 1414 352 1454 et
364 1407 448 1455 scelus
462 1407 566 1457 exitiale
578 1407 717 1456 Lacaenae

77 1495 118 1543 his
131 1507 242 1543 mersere
254 1495 346 1554 malis3
367 1495 413 1543 illa
431 1496 495 1544 haee
508 1504 677 1544 monumenta
689 1496 808 1558 reliquit.

77 1597 190 1646 namque
202 1591 231 1630 ut
243 1598 390 1646 supremam
403 1583 469 1632 salsa
481 1584 548 1632 inter
559 1584 656 1645 gaudia
668 1591 771 1632 noctem

77 1672 205 1734 egerimus
218 1672 300 1731 nosti,
316 1679 341 1720 et
354 1673 461 1720 nimium
473 1672 621 1720 meminisse
633 1679 770 1720 necessest.

30 1766 56 1810 l5
78 1775 137 1810 eum
149 1760 234 1809 fatalis
248 1775 308 1809 eous
321 1761 388 1809 saltu
401 1775 479 1822 super
492 1761 573 1808 ardue
585 1760 655 1808 venit

77 1849 205 1912 Pergama
217 1856 243 1898 et
255 1855 383 1897 armatum
396 1849 507 1911 peditem
520 1849 604 1910 gravis
618 1849 704 1896 attulit
716 1849 789 1908 alvo,

77 1939 132 1997 illa,
148 1938 256 1986 chorum
267 1937 402 1996 simulans,
418 1938 537 1985 euhantis
549 1937 625 1999 orgia
638 1937 734 1985 simum

74 2025 189 2074 ducebat
200 2025 342 2088 Phrygias;
363 2025 493 2074 flammam
505 2026 591 2074 media
604 2027 661 2088 ipse
673 2026 781 2075 tenebat

76 2115 210 2176 ingentem
222 2121 248 2162 et
261 2127 362 2161 summu
373 2113 481 2162 Danaos
495 2129 526 2163 ex
539 2129 597 2163 arce
609 2115 727 2162 vocabat.

30 2207 57 2250 20
78 2209 196 2261 tum-me,
212 2202 358 2250 confectum
370 2202 438 2250 curis
452 2216 595 2266 somnoque
607 2208 750 2264 gravatum,

77 2291 169 2339 infelix
182 2291 273 2338 hebuit
285 2290 414 2338 thalamus
427 2292 570 2353 pressitque
582 2291 709 2339 iacentem

79 2379 163 2427 duleis
176 2386 202 2427 et
215 2379 268 2427 alta
281 2379 352 2440 quies
366 2378 535 2441 placidaeque
548 2379 682 2427 simillime
694 2378 784 2426 morti.

78 2467 184 2528 egregia
196 2467 296 2514 interea
309 2466 422 2514 coniunx
435 2481 507 2514 alma
520 2469 608 2514 omnis
620 2467 693 2515 tectis

79 2563 180 2604 emovet
193 2562 219 2603 et
231 2555 311 2602 fidum
325 2554 403 2618 capiti
411 2555 579 2605 suhduxemt
589 2568 683 2604 ensem
688 2570 703 2611 χ

30 2648 54 2688 ts
70 2643 140 2689 intra
154 2649 221 2692 tecte
235 2652 312 2694 vocet
325 2645 487 2698 Menelaum
499 2654 526 2697 et
535 2645 641 2695 limine
648 2638 768 2704 paunus
