1808 2956
60 174 116 220 122
295 181 321 221 Ρ.
338 180 458 221 venena
480 181 610 221 nasonis

125 354 328 402 squamosusque
341 339 420 388 draco
433 347 458 387 et
470 338 541 387 fulva
553 340 651 387 ceruice
663 339 765 389 leaena.

126 436 171 478 aut
182 443 268 477 aerem
280 428 399 477 flammae
411 428 525 501 sonitum
538 427 610 476 dabit
622 435 700 490 atque
712 428 749 477 ita
764 430 856 477 sinclis

55 523 106 565 410
126 518 235 567 est-ider.
251 525 296 565 aut
308 517 334 564 iu
347 531 428 579 aquas
442 517 525 564 tennis
538 516 654 578 dilapsus
667 517 758 567 abibit.

125 608 170 655 sed
183 615 281 669 quanto
294 605 339 653 ille
351 605 434 667 magis
447 604 543 653 forinas
556 621 583 653 se
596 614 675 653 vertet
689 607 715 652 in
729 607 824 654 omnis.

126 704 208 755 tanto,
223 702 292 751 nate,
307 694 390 755 magis
404 694 531 741 contende
544 694 645 742 tenacia
657 694 751 743 tincta.

126 786 209 832 donec
223 784 282 832 talis
296 783 343 832 erit
356 790 455 830 mutato
469 797 577 844 corporo
590 783 695 844 qualem

126 874 219 922 rideris
232 873 334 934 incepto
348 878 444 932 tegeret
457 886 515 918 cum
529 871 628 919 lumina
644 863 756 917 somno?

56 968 106 1010 415
128 962 191 1010 hacc
204 962 240 1010 ait
253 969 277 1008 et
290 960 418 1022 liquidum
431 958 575 1007 ambrosiae
594 959 716 1006 diffundit
732 961 853 1008 odorem:

127 1065 178 1112 quo
193 1058 274 1095 totum
286 1048 340 1095 nuti
354 1062 447 1109 eorpus
462 1048 588 1110 perduxit.
604 1048 682 1095 atilli

127 1138 209 1186 duleis
223 1136 364 1198 conpositis
376 1136 482 1197 spiravit
495 1135 607 1184 crinibus
620 1151 683 1184 aura

127 1235 204 1288 atque
217 1224 311 1272 habilis
325 1223 445 1272 membris
459 1225 527 1272 venit
540 1225 621 1284 vigor.
662 1234 700 1272 est
713 1239 804 1287 specus
818 1225 855 1271 in-

427 1327 490 1373 gens

128 1402 197 1450 exesi
211 1402 290 1449 latere
304 1401 446 1457 iumentis,
462 1416 513 1462 quo
527 1401 640 1462 plurima
651 1408 727 1448 vento

57 1497 108 1540 420
128 1491 229 1551 cogitur
241 1491 321 1551 inque
333 1489 404 1537 sinus
417 1489 512 1537 scindit
524 1504 579 1537 sese
592 1490 663 1537 unda
675 1490 804 1546 reductos,

128 1578 259 1640 deprensis
273 1578 337 1626 olim
349 1579 426 1627 statio
440 1578 568 1626 tutissima
581 1579 683 1627 nautis:

127 1668 195 1716 intus
208 1683 236 1716 so
249 1667 313 1715 vasti
326 1666 434 1715 Proteus
448 1666 512 1727 tegit
524 1666 597 1714 obice
610 1667 675 1715 saxi.

128 1757 170 1805 hic
183 1757 301 1805 iuvenem
313 1756 340 1802 in
354 1755 458 1804 latebris
472 1769 589 1802 aversans
602 1771 618 1802 a
631 1755 730 1805 lumine
743 1755 871 1817 nympha.

130 1847 251 1904 collocat,
267 1845 324 1908 ipsa
337 1845 426 1906 procul
441 1843 542 1892 nebulis
555 1843 665 1893 obscura
679 1845 782 1893 resistit.

58 1940 108 1982 425
128 1935 181 1983 iam
194 1935 299 1997 rapidus
312 1941 412 1981 torrens
424 1933 532 1980 sitientis
546 1931 628 1980 Sirius
641 1934 721 1982 Indos

128 2024 236 2072 ardebat
248 2024 320 2071 caelo
335 2029 360 2070 et
372 2021 485 2068 nrcdiunr
498 2022 537 2068 sol
552 2022 642 2081 ignens
656 2022 745 2070 orbem

128 2112 257 2169 hauserat,
273 2111 381 2160 arebant
393 2109 487 2158 lter-bae
501 2116 525 2158 et
540 2126 602 2158 cava
615 2111 723 2160 flumina
735 2111 809 2160 siccis

128 2201 245 2250 salicibus
258 2202 291 2250 ad
305 2201 395 2248 limunr
409 2199 473 2248 radii
487 2200 613 2261 tepefacto
628 2200 783 2261 coquebant.

129 2306 188 2338 enm
199 2290 307 2338 Proteus
321 2297 443 2337 consueta
457 2296 545 2351 petens
559 2303 573 2336 e
585 2288 704 2337 fluct-ibus
717 2297 792 2338 antra

58 2385 109 2427 430
129 2380 197 2428 ibat:
212 2395 271 2427 eum
284 2379 348 2426 vasti
361 2379 458 2426 circum
470 2392 533 2438 gens
546 2378 634 2425 nruida
648 2379 720 2440 ponti

128 2469 247 2517 exultans
259 2482 344 2515 rorem
357 2467 409 2515 late
423 2467 546 2528 dispergit
558 2481 691 2525 amarun13

127 2564 245 2605 sternunt
258 2571 285 2604 se
298 2570 389 2603 somno
403 2556 518 2603 diversae
531 2555 556 2602 in
571 2555 646 2603 litore
659 2555 774 2617 phocae3

109 2645 171 2706 ι’μεε
186 2647 259 2696 velat
270 2646 371 2698 stabuli
385 2653 475 2696 cussis
487 2645 518 2693 iu
530 2643 665 2692 montibus
678 2643 753 2691 oiim,
