1808 2956
238 139 386 179 AENEIDOS
405 141 492 180 LIBER
506 143 537 180 11.
727 135 734 178 l
748 135 759 177 ἶ
772 134 781 177 l

57 304 84 346 et
96 296 178 358 magis
192 304 270 359 atque
283 298 375 359 magis,
392 313 549 360 quamquam
563 307 660 346 secreta
672 299 786 361 parentis

10 392 38 436 to
57 385 189 434 Anchisae
203 386 294 433 domus
308 386 495 449 arboribusque
509 386 611 435 obtecta
623 388 736 444 recessit,

58 475 202 523 clarescunt
214 474 313 522 sonitus
328 489 509 537 armorumque
522 475 619 536 ingruit
631 475 731 523 horror.

57 563 175 612 excutior
187 578 278 611 somno
292 571 317 612 ct
330 564 422 611 summi
435 563 539 624 fastigia
552 564 612 612 teeti

57 666 166 700 ascensu
179 666 271 715 supero
286 661 362 714 atque
376 652 481 700 arrectis
495 652 599 699 auribus
613 652 703 708 adst03

56 741 84 788 in
97 748 210 802 segetem
222 741 301 788 veluti
315 756 373 788 eum
386 741 489 788 flamma
501 739 644 788 furentibus
658 741 750 787 austris

10 835 38 878 ts
58 829 150 877 incidit
162 838 206 876 ant
218 830 323 892 rapidus
337 837 460 876 montano
474 828 578 876 flumine
592 836 691 876 torrens

55 918 145 966 sternit
158 932 243 979 agros,
259 918 349 966 sternit
361 928 417 965 sata
430 918 498 966 lacta
511 917 641 980 boumque
655 917 755 966 labores

56 1006 261 1071 praecipitesque
275 1007 353 1053 trahit
366 1007 452 1064 silvas,
468 1013 554 1069 stupet
566 1007 661 1054 inscius
676 1007 729 1054 alto

58 1096 187 1158 accipiens
201 1096 314 1143 sonitum
328 1096 384 1143 saxi
398 1095 429 1143 de
442 1096 535 1143 vertice
548 1104 644 1157 pastor.

57 1195 112 1231 tum
125 1199 185 1232 vero
198 1183 336 1232 manifesta
349 1184 421 1242 fides,
437 1184 611 1247 Danaumque
624 1191 759 1246 patescunt

10 1277 38 1320 te
58 1273 176 1320 insidiae.
203 1273 255 1320 iam
268 1272 400 1334 Deiphobi
414 1273 484 1320 dedit
497 1273 585 1335 ampla
597 1273 699 1320 ruinam

57 1360 176 1408 Volcano
190 1368 326 1423 superante
341 1362 441 1420 domus,
457 1362 508 1409 iarn
522 1362 655 1423 proximus
670 1362 742 1409 ardet

58 1449 201 1511 Ucalegon,
218 1449 296 1511 Sigea
308 1450 362 1511 igni
376 1449 441 1497 freta
454 1450 507 1497 lata
520 1450 643 1498 relucent.

58 1538 173 1586 exoritur
186 1540 336 1600 clamorque
349 1539 431 1585 virum
445 1539 603 1600 clangorque
617 1537 744 1585 tubarum.

59 1641 132 1674 arma
144 1642 233 1675 amens
247 1628 339 1689 capi03
359 1642 406 1675 nec
419 1635 459 1674 sat
472 1627 580 1674 rationis
594 1627 620 1674 in
635 1627 721 1684 armis,

10 1720 39 1764 15
60 1716 104 1764 sed
117 1716 263 1777 glomerare
274 1731 379 1763 manum
392 1716 461 1762 bello
474 1723 499 1763 et
511 1715 789 1763 concurrereinarcem

60 1819 119 1852 cum
131 1805 208 1852 sociis
223 1805 313 1852 ardent
326 1805 414 1863 animi,
431 1804 502 1851 furor
515 1804 604 1866 iraque
618 1811 729 1851 mentem

59 1892 231 1956 praecipitant
243 1893 432 1956 pulchrumque
445 1893 510 1940 mori
524 1892 650 1940 succurrit
661 1891 688 1938 in
700 1891 786 1957 anuis..

95 1981 161 2029 Ecce
175 1991 261 2030 autem
274 1983 331 2029 telis
345 1981 461 2028 Panthus
475 1982 577 2043 elapsus
592 1980 727 2038 Achivom,

59 2070 175 2117 Panthus
191 2069 343 2132 Othryades,
361 2070 426 2118 arcis
439 2069 590 2131 Phoebique
604 2069 734 2124 sacerdoa

10 2164 41 2208 20
60 2173 134 2206 sacra
147 2174 225 2207 mana
238 2160 371 2221 victosque
385 2158 446 2206 deos
460 2172 617 2220 patremque
631 2164 751 2219 nepotem

61 2248 116 2310 ipse
129 2247 208 2294 trahit
221 2261 348 2308 cursuque
362 2261 450 2295 amens
464 2247 496 2293 ad
510 2247 602 2294 limina
614 2245 705 2294 tendit.

60 2336 121 2397 ‘quo
138 2350 178 2383 res
196 2350 296 2383 summa
314 2336 388 2395 loco,
408 2333 527 2382 Panthu?
547 2349 626 2397 qaam
642 2332 791 2395 prendimus

364 2414 475 2472 arcem?

61 2512 104 2559 vix
118 2526 148 2560 ea
162 2511 228 2559 fatas
242 2527 321 2570 cram,
337 2512 438 2576 gemitu
451 2527 513 2562 cum
524 2511 594 2560 talia
603 2509 707 2558 reuda.

57 2590 133 2646 ‘venit
142 2615 246 2650 summa
260 2603 317 2673 dics
333 2613 358 2656 et
372 2604 561 2657 ineluctabile
572 2610 687 2660 tempus
