1808 2956
278 189 428 230 Aruernos
446 190 534 229 LIBER
548 191 579 230 11.
768 181 826 229 163

98 349 162 397 dum
175 348 260 396 stabat
272 362 352 409 regno
365 347 502 395 incolumis
516 361 657 409 regumque
669 347 772 408 vigebat

98 436 227 496 conciliis
243 445 268 484 et
281 451 328 484 nos
342 436 448 498 aliquod
463 449 608 498 nomenque
622 436 751 498 decusque

52 531 78 576 l0
98 526 235 588 gessimus.
263 525 360 572 invidia
372 532 509 586 postquam
522 524 627 586 pellacis
640 523 711 572 Ulixi

100 613 183 677 (haud
195 614 286 675 ignota
299 613 404 676 loquor)
418 613 516 674 superis
530 612 657 660 concessit
669 612 701 658 ab
715 612 776 672 oris,

99 703 217 752 adflictus
230 703 309 749 vitam
321 702 348 748 in
362 701 473 750 tenebris
488 702 610 763 luctuque
623 700 758 748 trahebam

101 799 127 840 et
139 806 227 840 casum
240 791 349 838 insontis
363 805 464 838 mecum
478 789 634 850 indignabar
647 790 732 837 amici.

99 894 149 928 nee
161 880 230 927 tacui
244 881 347 927 demens
362 886 386 927 et
399 893 449 937 me,
465 878 517 925 sors
531 878 605 941 siqua
619 879 726 936 tulisset,

52 975 79 1018 15
100 968 122 1016 si
135 969 232 1030 patrios
246 983 369 1030 umquam
383 981 538 1015 remeassem
550 967 631 1014 victor
644 967 676 1014 ad
691 969 785 1028 Argos,

99 1057 208 1120 promisi
221 1057 332 1104 ultorem
345 1064 370 1103 et
382 1056 464 1104 verbis
479 1056 539 1103 odia
552 1070 643 1118 aspera
656 1056 732 1103 movi.

100 1145 162 1193 hinc
174 1145 237 1192 mihi
251 1145 335 1207 prima
347 1145 408 1192 mali
423 1145 502 1204 labes,
518 1145 579 1192 hinc
592 1159 692 1208 semper
704 1145 794 1193 Ulixes

101 1233 250 1282 criminibus
265 1240 359 1281 torrere
372 1234 453 1291 novis,
469 1234 530 1282 hine
543 1248 664 1296 spargere
677 1248 752 1282 voces

100 1323 128 1370 in
140 1323 245 1384 volgum
259 1322 393 1383 ambiguas
407 1329 432 1369 et
445 1337 568 1384 quaerere
582 1322 699 1370 conscius
713 1337 793 1370 arma.

52 1417 80 1460 J0
100 1425 148 1459 nec
166 1411 290 1474 requievit
308 1411 390 1469 enim,
412 1411 494 1459 donec
509 1410 652 1459 Calchante
665 1410 783 1458 ministro
796 1437 831 1444 —

101 1501 145 1548 sed
167 1501 227 1563 quid
248 1515 296 1561 ego
316 1500 380 1547 haee
400 1506 485 1546 autem
503 1498 661 1561 nequiquam
677 1499 781 1561 ingrata
792 1512 831 1547 re·

403 1587 495 1634 volvo?

103 1677 196 1740 quidve
214 1692 316 1735 moror,
336 1676 357 1723 si
371 1677 454 1723 omnis
467 1690 519 1723 uno
534 1675 624 1723 ordine
638 1676 737 1724 habetis
751 1676 831 1724 Achi-

403 1779 447 1812 rios

101 1855 180 1917 idque
194 1855 283 1902 audire
296 1862 336 1902 sat
349 1854 403 1901 est?
427 1853 571 1901 iandudum
584 1853 676 1900 sumite
690 1867 803 1914 poenas:

101 1943 152 1991 hoc
164 1944 269 1991 Ithacus
281 1943 344 1991 velit
357 1950 381 1990 et
393 1956 489 2007 magno
502 1948 648 1989 mercentur
660 1941 789 1990 Atridae.²

52 2037 81 2081 35
137 2032 205 2080 Tum
216 2046 277 2079 vero
291 2031 410 2078 ardemus
424 2030 511 2078 scitari
524 2038 550 2078 et
562 2044 685 2093 quaerere
699 2045 799 2090 causas,

101 2121 185 2182 ignari
200 2121 325 2168 scelerum
339 2126 470 2166 tantorum
484 2119 597 2181 artisque
609 2118 743 2180 Pelasgae.

102 2209 266 2272 prosequitur
279 2209 396 2271 pavitans
410 2215 435 2256 et-
448 2208 507 2256 ficto
521 2214 623 2270 pectore
636 2208 712 2256 fatur.

134 2288 230 2360 ‘Saepe
242 2298 331 2359 sugam
344 2297 430 2344 Danai
444 2297 523 2345 Troia
537 2296 640 2358 cupiere
652 2296 744 2344 relicta

101 2387 188 2436 moliri
203 2387 320 2447 erlongo
333 2385 393 2433 fessi
408 2386 538 2434 discedere
551 2384 634 2432 bello:

52 2482 83 2525 10
102 2475 276 2538 fecissentque
289 2474 403 2522 utinam!
425 2488 502 2537 saepe
514 2473 574 2521 illos
589 2488 681 2536 aspera
693 2471 770 2535 ponti

102 2563 234 2612 interclusi
238 2570 247 2611 t
258 2563 341 2612 hiems
355 2570 380 2614 et
393 2564 489 2616 terruil
501 2569 590 2614 ausser
604 2562 716 2618 eunus„

89 2652 232 2716 praecipue
247 2670 308 2704 cam
321 2656 379 2709 iam
392 2659 441 2712 hie
453 2657 588 2711 trabibus
605 2655 762 2706 consessas
776 2637 881 2685 amm*

655 2723 728 2782 U*
