1808 2956
262 205 408 245 aannrnos
426 206 513 244 LIBER
529 206 582 245 xri.
762 193 820 242 511

96 365 218 412 fulminat
229 365 331 412 Aeneas
345 363 423 412 armis
437 377 602 424 summasque
614 363 727 410 minatur

50 459 76 502 55
99 453 256 501 deiecturum
269 467 341 501 arces
354 452 448 501 Italum
463 451 616 513 excidioque
630 453 758 508 daturum,

96 543 201 604 iamque
214 541 282 589 faces
297 541 329 588 ad
343 548 410 589 tecta
423 541 518 588 volant.
546 540 573 586 in
587 547 611 587 te
625 555 670 588 ora
682 539 776 597 Latini,

97 631 124 678 in
138 637 162 679 te
176 632 265 678 oculos
280 630 407 688 reserunt3
428 635 527 676 mussat
539 643 584 676 rex
597 629 653 690 ipse
666 627 774 675 Latinus

98 734 163 782 quos
176 733 284 780 generos
298 726 371 766 vocet
384 725 428 766 aut
441 733 507 780 quae
515 732 570 765 sese
578 718 610 765 ad
619 717 724 765 foedera
730 716 823 763 flectat.

98 815 231 870 praetcrea
244 808 342 868 regina,
358 808 394 854 tui
408 807 540 864 fidissima,
557 807 647 854 dextra

50 901 78 944 30
99 897 194 944 oceidit
205 897 263 958 ipsa
275 911 322 943 sua
336 896 471 958 lucemque
485 896 606 943 exterrita
619 895 693 956 fugit.

99 985 147 1032 soli
160 1000 207 1048 pro
220 985 301 1047 portis
314 985 447 1046 Messapus
462 992 487 1032 et
499 998 558 1032 acer
570 984 663 1031 Atinas

99 1080 242 1122 sustentant
255 1073 332 1121 acies.
361 1073 455 1121 circum
470 1072 516 1120 hos
530 1073 659 1134 utrimque
672 1072 815 1134 phalanges

99 1168 168 1209 stant
180 1163 275 1211 densae
288 1163 433 1224 strictisque
447 1175 519 1224 seges
532 1160 698 1209 mucronibus
711 1160 799 1207 horret

100 1251 197 1298 ferrea:
219 1259 246 1298 tu
260 1266 362 1299 currum
377 1251 476 1298 deserto
490 1251 516 1297 in
531 1250 647 1311 gramine
660 1239 764 1298 ver·sas.'

50 1345 77 1387 55
99 1340 223 1401 obstipuit
234 1341 305 1387 varia
319 1340 441 1388 confusus
455 1341 570 1402 imagine
584 1354 668 1387 rerum

99 1428 210 1486 Turnus,
227 1437 251 1476 et
264 1429 354 1476 obtutu
368 1430 446 1478 tacito
461 1430 538 1477 stetit.
566 1436 665 1476 aestuat
678 1428 769 1489 ingens

102 1531 153 1561 uno
167 1517 193 1561 in
208 1518 284 1564 corde
297 1518 381 1578 pudor
394 1519 525 1580 mixtoque
539 1518 640 1565 insania
654 1518 724 1564 luctu

102 1609 127 1648 ct
139 1602 211 1647 fariis
226 1604 336 1664 agitatus
350 1621 423 1652 amor
436 1614 460 1654 et
474 1606 578 1654 conscia
591 1606 677 1652 virtus.

102 1697 130 1736 ut
142 1690 252 1751 primum
267 1692 396 1740 discussae
409 1694 515 1741 umbrae
529 1700 554 1741 et
566 1695 612 1741 lux
625 1693 726 1740 reddita
738 1691 827 1750 ruenti,

50 1786 81 1830 70
102 1779 214 1826 ardentis
228 1779 363 1826 oculorum
377 1780 445 1827 orbis
459 1782 490 1828 ad
505 1782 608 1829 moenia
620 1781 694 1829 torsit

101 1868 218 1916 turbidus
233 1883 297 1929 eque
311 1868 373 1914 rotis
387 1883 509 1928 maguam
522 1870 635 1932 respexit
647 1870 678 1916 ad
694 1869 790 1918 urbem.

101 1971 160 2005 ecee
174 1965 259 2004 autom
273 1957 381 2003 flaminis
395 1957 461 2004 iuter
474 1957 591 2006 tabulata
603 1958 705 2005 volutus

102 2047 133 2092 ad
148 2047 248 2093 caelum
263 2046 378 2092 undabat
390 2054 476 2093 vertex
490 2046 630 2108 turrimque
644 2047 755 2105 tenebat,

102 2135 191 2181 turrim
206 2136 345 2197 compactis
360 2134 474 2182 trabibus
489 2151 565 2197 quam
580 2136 704 2183 eduxerat
715 2135 770 2198 ipse

50 2227 80 2272 75
101 2222 301 2285 subdideratque
315 2231 383 2272 rotas
398 2224 535 2286 pontisque
548 2225 700 2271 instraverat
713 2225 787 2271 altos.

98 2301 161 2358 ‘iarn
175 2312 225 2358 iam
239 2312 301 2371 fata,
317 2328 398 2371 soror,
414 2321 550 2375 superant:
572 2312 666 2360 absiste
680 2313 789 2373 morari3

102 2415 153 2462 quo
168 2401 228 2447 dous
243 2409 267 2448 ct
280 2417 331 2462 quo
347 2403 411 2448 dura
424 2409 499 2449 vocat
512 2402 626 2448 Fortuna
638 2416 784 2463 sequamur.

100 2495 150 2536 stat
163 2489 279 2537 conferre
292 2505 397 2537 manum
411 2491 528 2549 Aeneae,
551 2497 601 2539 stat
620 2490 745 2553 quidquid
760 2505 829 2538 acer-

403 2579 453 2626 bist
881 2640 885 2644 η

95 2671 178 2711 morte
187 2665 245 2727 prati
251 2682 259 2725 ,¹
274 2681 361 2732 neque
374 2651 878 2734 meindecoremgormanaffl‘*
