1808 2956
279 112 447 153 0110101001
464 114 552 152 traua
565 114 605 153 1v.
780 104 836 151 111

109 272 221 321 forsitan
234 278 260 319 at
271 269 375 333 pinguis
388 269 476 318 hortos
491 285 557 332 quae
570 286 632 319 eura
645 272 747 319 colendi

110 364 218 409 ornaret
230 373 357 418 canerem,
372 358 498 420 biferique
511 360 610 407 rosaria
622 359 716 418 Paesti,

59 456 90 500 20
110 463 217 514 quoque
229 447 309 496 modo
322 447 389 509 potis
402 447 544 508 gauderent
556 447 638 495 intiba
651 447 710 495 rivis

110 547 136 588 et
147 537 242 585 virides
257 536 316 598 apio
329 536 400 598 ripae
414 543 546 597 tortusque
559 550 605 597 per
618 536 723 584 herbam

110 631 239 676 cresceret
250 624 277 672 in
290 630 403 672 vernem
416 625 545 683 cucumis,
565 639 612 671 nee
626 639 683 672 sera
696 632 840 672 comantem

83 695 86 700 Ι
110 714 255 763 narcissum
270 718 315 760 aut
325 712 385 760 flexi
398 713 534 760 tacuissem
547 713 631 760 vimen
645 712 748 760 acanthi

110 801 284 866 pallentisque
297 799 405 848 hederas
418 808 443 848 et
456 800 566 848 amantis
580 801 657 848 litora
670 807 774 862 myrtos.

56 893 92 938 115
110 903 225 953 namque
238 889 284 936 sub
299 887 423 937 Oebaliae
436 889 541 937 memini
556 904 596 936 me
609 888 720 936 turribus
735 889 802 947 altis,

112 995 164 1041 qua
177 979 251 1039 niger
262 984 375 1025 umectat
387 977 507 1025 flaventia
520 978 589 1025 culta
603 976 737 1036 Galaesus,

112 1067 252 1129 Corycium
265 1066 358 1114 vidisse
371 1080 466 1124 senem,
483 1066 523 1114 eni
538 1081 621 1129 pauca
634 1067 716 1116 relicti

111 1156 202 1218 iugera
214 1155 281 1202 ruris
294 1162 375 1213 erant,
391 1169 443 1202 nec
451 1153 541 1202 fertilis
554 1155 602 1203 illa
614 1155 726 1203 iuvencis

111 1259 159 1293 nee
170 1243 259 1306 pecori
273 1249 419 1305 opportuna
431 1257 503 1303 seges
515 1257 563 1290 nec
576 1241 839 1291 commodaBaccho:

56 1333 95 1379 tea
111 1332 153 1381 hic
165 1346 252 1379 rarum
266 1330 392 1378 tamenin
406 1330 488 1378 dumis
502 1331 578 1379 holus
592 1332 703 1393 albaque
716 1331 812 1379 circum

114 1412 170 1469 lilia
182 1419 358 1481 verbenasque
371 1433 489 1480 premens
502 1435 656 1482 vescumque
668 1433 780 1482 papaver

114 1523 204 1571 regum
217 1507 347 1570 aequabat
360 1521 421 1569 opes
436 1508 521 1555 animo
535 1523 644 1570 seraque
657 1513 783 1555 revertens

114 1604 189 1645 noete
203 1597 309 1643 domum
324 1595 432 1658 dapibus
451 1611 552 1644 mensas
571 1596 695 1644 onerabat
711 1596 839 1657 inemptis.

113 1685 211 1748 primus
224 1699 283 1733 vere
296 1699 382 1732 rosam
396 1690 472 1745 atque
490 1690 613 1731 autumno
632 1699 736 1746 carpere
753 1698 840 1746 poma,

56 1775 94 1820 135
114 1781 211 1822 etcum
224 1773 301 1821 tristis
315 1773 396 1821 hiems
410 1773 551 1820 etiamnum
564 1771 660 1833 frigore
672 1788 737 1820 saxa

112 1869 244 1924 rumperet
256 1868 281 1909 et
293 1861 377 1922 glacie
392 1876 479 1909 cursus
493 1860 604 1908 frenaret
617 1876 751 1922 aquarum,

112 1951 158 1998 ille
172 1964 274 1998 comam
286 1949 372 1996 mollis
386 1949 438 1995 iam
452 1948 576 1996 tondebat
588 1948 729 2010 hyacinthi,

113 2045 237 2086 aestatem
248 2038 404 2099 increpitans
418 2052 500 2085 seram
513 2037 689 2100 zephyrosque
701 2045 839 2086 morantes.

113 2141 175 2188 ergo
190 2125 281 2188 apibus
295 2127 351 2174 setis
364 2126 432 2174 idem
446 2134 523 2187 atque
536 2126 654 2174 examine
667 2127 748 2173 multo

56 2220 93 2264 >40
111 2215 211 2278 primus
225 2214 357 2262 abundare
370 2222 395 2262 et
407 2215 555 2277 spumantia
568 2228 660 2275 cogere
674 2215 766 2276 pressis

111 2304 192 2352 mella
205 2303 285 2362 savis3
305 2303 345 2351 illi
358 2303 429 2351 tiliae
443 2309 519 2364 atque
532 2303 661 2351 uberrima
673 2303 758 2365 pinus,

112 2399 228 2455 quotque
241 2392 268 2438 in
281 2392 343 2439 tiore
357 2405 423 2439 novo
437 2391 520 2453 pomis
534 2406 561 2439 se
574 2391 664 2439 fertilis
679 2392 753 2439 arbos

111 2481 233 2528 induerat
246 2480 350 2528 totidem
364 2485 489 2529 autumno
502 2487 609 2532 matura
621 2481 742 2532 tenebat.

105 2568 152 2612 ille
164 2566 239 2611 etiam
251 2582 323 2616 seras
334 2569 361 2616 in
377 2587 485 2624 versum
499 2574 612 2627 distulit
623 2577 722 2627 ulmos
