1808 2956
158 95 218 142 344
395 103 420 140 Ρ.
438 101 559 140 verterer
580 99 712 141 hauouls

226 259 302 307 cessit
314 273 402 316 amor3
423 265 566 319 recoquont
578 257 674 320 patrios
688 257 844 328 fornacibus
856 273 895 307 eus

227 347 335 395 classica
347 347 451 408 iamque
464 355 574 404 sonaut;
594 346 614 393 it
626 345 694 393 bello
709 353 811 396 tessera
823 347 895 410 signu

226 435 268 484 hic
280 436 384 497 galeam
396 433 470 482 tectis
484 434 599 496 trepidus
612 433 687 496 rapit,
703 434 749 482 ille
763 434 895 485 frementis

226 525 258 572 ad
272 525 334 586 iuga
351 523 421 584 cogit
433 537 513 585 equos
534 522 697 584 clipeumque
710 537 831 586 auroque
850 523 895 573 trili

156 617 206 661 640
226 612 333 662 loricam
346 611 462 660 induitur
474 610 578 672 fidoque
591 610 735 670 accingitur
748 626 821 661 ense.

220 747 223 753 .
261 701 370 750 Pandite
389 714 458 748 nuuc
470 698 612 758 Helicona,
635 699 713 757 deae,
736 709 884 764 cautusque

527 795 590 845 vete,

227 879 270 940 qui
284 878 354 926 bellu
367 877 443 926 acciti
457 891 539 938 reges,
555 891 621 938 quae
634 889 763 938 quemque
776 887 884 928 secutae

227 967 373 1028 conplerint
385 980 491 1027 campos
504 965 581 1022 acies,
596 963 689 1026 quibus
702 963 770 1012 Itala
782 966 838 1014 inm
852 976 895 1015 tun

226 1055 340 1102 floruerit
351 1061 420 1103 terra
432 1054 503 1101 alma
515 1053 584 1110 viris,
600 1051 691 1114 quibus
705 1053 798 1100 arserit
811 1056 892 1103 armis

156 1147 205 1189 645
226 1149 252 1189 ct
263 1141 416 1190 meministis
430 1141 514 1199 enim,
531 1142 618 1197 divae,
635 1147 660 1188 et
672 1154 818 1190 memorare
831 1153 896 1206 pote:

226 1229 258 1278 ad
272 1243 320 1276 nos
332 1229 375 1275 vix
388 1229 471 1277 tenuis
485 1230 569 1278 famae
582 1227 724 1291 perlabitur
735 1243 809 1278 aura.

261 1317 362 1365 Primus
374 1317 424 1364 init
436 1317 533 1366 bellum
546 1316 685 1380 Tyrrhenis
698 1330 774 1378 asper
786 1318 819 1366 ab
834 1321 887 1369 oris

226 1413 388 1468 contemptor
401 1405 486 1454 divom
499 1406 640 1455 Mezentius
653 1405 812 1468 agminaque
825 1424 896 1458 arma

226 1494 293 1544 lilius
306 1495 367 1543 huic
380 1495 453 1542 iuxta
465 1494 577 1553 Lausus,
593 1509 645 1557 quo
659 1493 793 1557 pulchrior
805 1497 874 1546 ulter

155 1586 206 1631 650
225 1583 348 1642 nonfuit,
364 1591 472 1645 excepto
486 1583 623 1631 Laurentis
637 1597 744 1645 corpore
757 1582 851 1633 Turni.

223 1671 334 1731 Lausus,
350 1686 445 1735 equom
458 1672 570 1719 domitor
583 1672 780 1733 debellatorque
793 1672 896 1722 ferarun

224 1761 295 1809 <lucit
306 1761 432 1823 Agyllina
445 1760 603 1822 nequiquam
616 1774 649 1808 ex
661 1759 723 1806 urbe
736 1769 841 1810 secutos

224 1849 295 1897 mille
308 1850 384 1908 viros,
400 1850 493 1910 dignus
506 1847 596 1911 patriis
610 1849 654 1911 qui
668 1847 761 1897 laetior
773 1858 843 1899 esset

224 1937 338 2000 imperiis
352 1944 377 1984 et
390 1937 431 1984 cui
444 1944 517 1998 pater
530 1936 599 1985 haud
612 1937 753 1985 Mezentius
767 1947 843 1986 esset.

154 2031 203 2074 655
258 2026 322 2073 Post
334 2025 382 2073 hos
394 2025 524 2086 insignem
537 2026 625 2087 palma
637 2040 682 2088 per
694 2025 814 2087 gramina
827 2042 896 2077 curri

222 2115 383 2176 victoresque
396 2121 509 2161 ostentat
521 2128 601 2176 equos
615 2121 685 2162 satus
699 2114 811 2163 Hercule
824 2117 896 2178 pulc}

224 2203 330 2266 pulcher
343 2202 486 2250 Aventinus
500 2202 636 2264 clipeoque
649 2201 750 2263 insigne
763 2214 896 2265 paternun

223 2299 326 2340 eentum
346 2305 443 2352 angues
463 2291 626 2352 cinctamque
644 2292 709 2351 gerit
728 2294 892 2353 serpentibus

524 2380 612 2427 dram:

223 2467 296 2516 collis
309 2467 431 2515 Aventini
444 2467 507 2515 silva
520 2482 597 2528 quem
609 2466 681 2515 Rhea
694 2470 815 2517 sacerdos

139 2561 195 2607 660
211 2556 337 2608 furtiuum
351 2566 430 2624 partu
448 2556 496 2606 suh
509 2555 619 2605 luminis
632 2555 717 2603 elihu
727 2570 799 2610 oras,

51 2672 149 2721 μ
