1808 2956
275 200 423 240 nsuulbos
442 201 528 239 Llssuu
546 201 576 240 X.
764 192 823 239 427

100 358 241 421 pervarias
254 357 345 405 sternit
360 372 443 405 casus.
471 356 583 405 accurrit
595 355 721 405 Halaesus

100 449 292 508 Auruncaeque
305 461 405 504 manus,
421 445 491 492 subit
503 453 528 493 et
540 444 671 507 Neptunia
682 446 778 507 proles,

100 535 210 596 insignis
223 534 357 596 Messapus
371 534 452 596 equis.
480 535 608 596 expellere
621 534 731 582 tendunt

50 631 81 673 55
102 640 170 673 nunc
183 625 219 682 hi,
235 638 305 670 nune
318 622 373 681 illi;
394 629 505 670 certatur
518 623 606 670 limine
620 623 647 670 in
660 623 716 685 ipso

101 713 244 762 Ausoniae.
271 724 367 772 magne
381 711 511 760 discordes
526 711 628 760 aethere
642 712 711 760 venti

101 803 201 865 praelia
215 816 262 850 eeu
275 800 370 848 tollunt
384 800 475 847 animis
490 808 516 849 et
527 800 622 848 viribus
636 801 742 862 aequis3

102 906 154 939 non
168 891 217 953 ipsi
230 891 297 937 inter
310 903 345 949 se,
361 903 414 937 non
427 889 526 948 nubila,
543 903 595 936 non
608 904 679 937 mare
693 890 776 949 cedit3

103 995 197 1043 anceps
210 992 299 1041 pugna
312 978 372 1037 diu;
393 984 461 1026 stant
474 977 571 1026 obnixa
584 978 673 1026 omnia
685 986 788 1026 eontra:

51 1075 83 1118 60
104 1069 172 1117 haud
186 1068 261 1117 aliter
273 1066 402 1115 Troianae
416 1067 483 1115 acies
497 1067 617 1129 aciesque
629 1067 738 1116 Latinae

104 1163 268 1215 concurrunt,
284 1155 373 1204 haeret
385 1156 450 1219 pede
462 1171 507 1218 pes
521 1155 667 1219 densusque
680 1156 734 1204 viro
747 1157 793 1204 vir.

141 1245 176 1293 At
187 1251 259 1307 parte
272 1260 305 1294 ex
318 1245 379 1303 alia,
395 1260 448 1307 qua
460 1260 524 1293 saxa
536 1246 650 1294 rotantia
662 1246 713 1295 late

105 1335 234 1397 inpulerat
246 1341 345 1382 torrens
358 1333 515 1396 arbustaque
528 1334 614 1382 diruta
626 1334 698 1397 ripis,

104 1425 230 1482 Arcadas
246 1423 360 1470 insuetos
374 1422 440 1471 acies
454 1422 548 1471 inferre
561 1423 699 1485 pedestres,

53 1520 84 1563 65
105 1521 133 1561 ut
145 1513 209 1560 vidit
221 1511 309 1559 Pallas
322 1510 398 1558 Latio
412 1511 474 1560 dare
487 1518 560 1572 terga
573 1513 678 1574 sequaci

106 1602 209 1663 (aspera
222 1599 279 1661 quis
293 1605 385 1646 natura
397 1598 449 1646 loci
463 1599 591 1647 dimittere
604 1601 709 1662 quando

106 1688 187 1736 suasit
199 1687 300 1750 equos),
315 1702 396 1734 unum
409 1687 479 1749 quod
493 1686 568 1736 rebus
581 1694 661 1735 restat
673 1689 770 1748 egenis,

105 1790 175 1823 nune
188 1788 276 1836 prece,
296 1789 366 1823 nune
379 1775 453 1823 dietis
466 1775 585 1822 virtutem
598 1775 716 1824 accendit
729 1778 831 1825 amaris.

102 1854 165 1926 ‘que
179 1862 276 1923 fugitis,
293 1863 374 1912 socii?
393 1878 440 1926 per
452 1878 496 1912 vos
510 1869 535 1911 et
548 1862 714 1923 torbessem,

54 1960 66 2004 7
71 1960 86 2002 0
106 1968 151 2016 per
165 1951 237 2000 ducis
251 1952 365 2000 Euandri
378 1966 473 2000 nomen
487 1951 638 2015 devictaque
651 1952 721 2001 bella

106 2057 229 2106 spemque
247 2057 345 2103 meam,
366 2041 465 2104 patriae
483 2055 549 2104 quae
569 2055 638 2090 nune
651 2041 721 2090 subit
733 2042 836 2091 aemula

408 2131 488 2192 laudi,

106 2222 176 2269 fidite
189 2235 222 2269 ne
235 2219 352 2283 pedibus.
380 2219 447 2268 ferro
460 2219 605 2282 rumpenda
616 2233 662 2283 per
674 2219 755 2267 hostia

107 2318 144 2357 est
156 2310 205 2357 via.
233 2325 285 2372 qua
298 2309 392 2370 globus
405 2309 450 2358 ille
462 2308 544 2356 virum
555 2308 721 2357 densissimus
733 2315 834 2370 urguet,

107 2397 157 2446 bae
170 2413 214 2445 ves
228 2406 253 2446 et
265 2397 386 2446 Pallanta
399 2398 491 2446 ducem
504 2397 588 2459 patria
602 2398 655 2444 alta
668 2397 788 2459 reposcit.

56 2491 87 2536 75
108 2487 214 2534 numina
227 2488 300 2535 nulla
314 2492 441 2549 premunt,
456 2485 559 2533 mortali
570 2500 711 2547 urguemur
722 2484 753 2532 ab
763 2485 837 2533 hoste

107 2577 229 2624 mortales
240 2592 245 2634 ;
266 2576 374 2624 totidem
386 2575 462 2623 nobis
475 2575 632 2638 animaeque
642 2587 808 2630 manassae.

104 2679 170 2722 eece,
187 2665 266 2714 maris
278 2680 378 2730 magua
392 2666 499 2718 clandit
508 2679 564 2715 nes
577 2663 660 2713 abies
668 2663 803 2723 pennus&
