1808 2956
97 121 113 169 8
292 130 317 167 r.
335 128 456 167 vunnim
477 127 607 167 nanctus

80 292 101 334 '0
121 286 190 334 haud
213 285 357 333 dubitanda
380 284 459 333 refer:
488 283 631 346 Corythum
655 295 786 347 terrasque
814 301 852 334 ie-

423 374 508 435 quirat

120 463 260 511 Ausonias.
287 462 397 510 Dictaea
409 469 488 523 negat
500 462 547 509 tibi
560 461 676 525 Iuppiter
689 457 767 510 arva.¹

120 551 215 600 talibus
229 551 351 599 attonitus
365 551 424 598 visis
437 558 463 599 et
474 566 537 599 voce
550 551 656 599 deorum

121 640 181 703 (nec
192 655 272 704 sopor
284 640 350 687 illud
364 648 427 698 erat,
443 641 488 687 sed
502 654 589 687 eoram
602 641 760 701 adgnoscere
767 641 852 688 voltus

120 729 269 792 velatasque
282 743 369 777 comas
383 729 580 791 praesentiaque
594 743 640 775 ora
653 728 773 787 videbar3

52 821 100 865 175
120 824 175 864 tum
188 818 289 880 gelidus
303 825 358 864 toto
372 817 496 865 manabat
508 831 616 878 corpore
629 818 720 878 sudor)

121 905 233 969 corripio
247 921 261 954 e
274 905 360 953 stratis
373 920 466 968 corpus
480 905 610 967 tendoque
623 906 729 967 supinus

121 994 154 1042 ad
168 996 269 1042 caelum
283 1009 341 1042 cum
354 1007 416 1041 voce
430 1008 521 1041 manus
535 1001 560 1040 et
572 1008 679 1041 munera
693 994 746 1041 libo

120 1083 273 1131 intemerata
285 1081 359 1129 focis.
387 1082 500 1144 perfecto
513 1083 596 1130 laetus
610 1082 708 1130 honore

121 1171 253 1219 Anchisen
267 1170 334 1218 facio
348 1178 445 1218 certum
458 1185 563 1233 remque
577 1172 668 1219 ordine
680 1173 776 1233 pundo.

52 1264 101 1306 180
122 1259 244 1320 adgnovit
256 1259 356 1320 prolem
370 1259 519 1320 ambiguum
532 1261 701 1322 geminosque
720 1270 849 1321 parentes,

120 1361 199 1410 seque
213 1362 279 1394 novo
292 1355 406 1395 veterum
419 1349 554 1410 deceptum
567 1363 652 1396 errore
664 1349 791 1396 locorum.

121 1445 176 1483 tum
189 1444 315 1484 memorat
325 1426 404 1494 ‘irate
420 1436 507 1485 Iliacis
522 1438 631 1485 exercite
645 1437 712 1494 satis,

121 1525 177 1573 sola
190 1525 253 1572 mihi
267 1525 326 1573 talis
340 1540 414 1573 casus
428 1524 576 1574 Cassandra
589 1526 706 1574 canebat.

121 1628 189 1661 nunc
202 1621 289 1676 repeto
302 1613 367 1662 haec
379 1615 467 1676 generi
481 1615 633 1677 portendere
648 1615 735 1662 debita
751 1623 850 1665 nostro.

52 1706 101 1749 185
121 1708 147 1750 et
159 1716 236 1764 saepe
249 1702 410 1765 Hesperiam,
426 1718 503 1766 saepe
516 1703 584 1750 Itala
597 1717 677 1763 regna
690 1717 791 1750 vocare.

121 1793 165 1839 sed
179 1791 236 1854 quis
250 1792 282 1839 ad
297 1792 437 1854 Hesperiae
449 1801 569 1840 venturos
583 1792 661 1839 litora
674 1792 788 1839 Teucros

121 1879 251 1928 crederet?
264 1889 309 1928 aut
321 1896 398 1942 quem
412 1889 465 1928 tum
478 1890 548 1928 vates
562 1879 709 1928 Cassandra
723 1881 853 1928 moveret?

121 1968 243 2016 cedamus
256 1968 363 2016 Phoebo
378 1976 403 2016 et
416 1970 505 2016 moniti
520 1969 628 2016 meliora
641 1963 799 2030 sequamur'

121 2057 158 2106 sic
171 2058 215 2115 ait,
232 2065 256 2104 et
269 2058 353 2104 cuncti
369 2057 437 2104 dioto
452 2071 570 2119 paremus
584 2064 698 2103 orantes.

53 2150 101 2193 190
120 2145 187 2193 hane
201 2159 306 2208 quoque
318 2145 458 2192 deserimus
471 2146 558 2193 sedem
572 2144 713 2207 paucisque
726 2147 822 2194 relictis

120 2235 178 2283 vela
190 2235 279 2282 damus
292 2242 444 2296 vastumque
455 2249 518 2282 cava
530 2232 601 2281 trabe
610 2235 735 2281 currimus
743 2249 851 2296 aequor.

156 2323 299 2384 Postquam
318 2323 399 2369 altum
417 2330 521 2370 tenuere
535 2331 601 2370 rates
615 2338 662 2370 nec
676 2324 728 2370 iam
741 2325 852 2386 amplius

422 2412 493 2459 ullae

122 2501 247 2560 adparent
254 2507 345 2558 terrae,
361 2500 462 2547 eaelum
469 2501 584 2563 undique
592 2509 617 2548 et
624 2501 738 2563 undique
746 2511 840 2563 pontus

102 2590 158 2627 tam
171 2586 242 2632 mihi
256 2590 397 2638 eaeruieus
410 2605 491 2655 supra
507 2598 587 2656 caput
600 2590 701 2638 adstitit
709 2589 804 2645 imiter,
