1808 2956
85 181 144 229 512
323 188 349 228 Ρ.
367 189 488 229 VERGILI
508 186 639 226 Mnnouls

84 351 135 394 680
154 345 274 408 emplius.
302 344 379 404 hunc,
396 359 451 404 oro,
467 345 521 392 sine
533 359 575 392 me
586 343 671 392 furere
681 351 743 393 ante
753 331 870 392 furorem-⁸

153 435 219 482 dixit
231 442 256 482 et
269 448 283 482 e
296 449 371 482 curru
385 434 479 482 saltum
492 433 563 480 dedit
576 432 648 481 ocius
662 433 731 481 arvis

154 538 249 586 perque
262 522 351 580 hostis,
368 538 413 585 per
426 523 478 571 tela
491 522 542 569 ruit
554 528 733 584 maestamque
749 535 855 570 sororem

154 611 255 669 deserit,
271 627 301 660 ac
315 612 405 674 rapido
419 626 494 660 cursu
508 610 594 658 media
608 609 715 672 agmina
728 611 831 674 rumpit.

153 717 183 749 ac
196 701 273 749 veluti
288 701 381 748 montis
395 715 486 747 saxum
500 700 531 747 de
544 699 639 747 vertice
651 713 778 762 praeceps

84 793 133 836 685
154 789 284 847 summit,
301 790 417 836 avolsum
430 796 514 846 vento,
530 802 574 835 seu
588 786 706 835 turbidus
719 788 803 837 imber

154 878 249 941 proluit
261 885 306 925 aut
318 878 393 926 annis
406 877 482 924 solvit
495 876 617 939 sublapsa
629 882 743 924 vetustas
754 894 760 936 3

154 966 233 1014 fertur
246 966 273 1013 in
287 965 422 1028 abruptum
437 979 533 1026 magno
547 978 622 1012 mons
636 964 762 1026 inprobus
777 974 833 1014 actu

154 1055 302 1116 exultatque
315 1055 381 1112 solo,
397 1053 474 1101 silvas
487 1060 604 1102 armenta
615 1052 737 1115 virosque

153 1143 284 1190 involvens
298 1157 399 1190 secum:
422 1142 528 1190 disiecta
540 1156 586 1204 per
599 1140 706 1202 agmina
718 1141 820 1190 Turnus
899 1180 902 1185 .

84 1236 133 1279 690
154 1231 191 1279 sic
205 1230 273 1278 urbis
287 1231 338 1277 ruit
355 1231 386 1278 ud
401 1245 497 1288 muros,
513 1230 556 1277 ubi
569 1229 681 1293 plurimu
695 1229 753 1278 fuso

154 1319 279 1380 sanguine
292 1327 360 1367 terra
373 1319 459 1366 madet
472 1320 632 1381 striduntque
646 1318 784 1367 hastilibus
794 1331 868 1368 eurus.

153 1408 333 1470 significatque
346 1423 423 1455 manu
438 1415 464 1456 ct
475 1422 570 1470 magno
583 1408 660 1456 simul
674 1407 768 1470 incipit
781 1423 831 1465 ore,

151 1487 258 1560 ‘parcite
271 1497 332 1554 iam,
347 1496 445 1554 Rutuli,
462 1504 487 1544 et
498 1511 542 1544 vos
556 1495 608 1543 tela
621 1495 745 1555 inhibete,
760 1496 850 1545 Latini.

153 1600 330 1647 quaecumque
344 1593 382 1633 cst
389 1585 511 1644 Fortuna,
525 1598 583 1632 mea
593 1591 645 1644 est3
660 1584 794 1633 mcverins
804 1595 871 1632 unum
900 1596 903 1603 ¹

83 1678 132 1722 695
154 1689 200 1736 pro
213 1674 286 1722 vobis
300 1674 390 1722 foedus
405 1674 475 1722 luere
489 1680 514 1720 et
527 1672 663 1720 decernere
677 1664 765 1721 ferr0.'

153 1763 293 1812 discessere
306 1777 394 1811 omnes
408 1763 486 1810 medii
499 1761 663 1824 spatiumque
676 1761 780 1811 dedere.

188 1853 224 1898 At
236 1859 309 1914 pater
321 1853 424 1900 Aeneas
437 1851 526 1898 andito
540 1849 644 1897 nomine
657 1849 740 1898 Turni

153 1940 247 1989 deserit
259 1948 284 1988 et
297 1955 383 1988 muros
397 1947 422 1988 ct
434 1953 547 1987 summas
561 1937 656 1986 deserit
668 1953 740 1986 arces

153 2029 356 2091 praecipitatque
369 2043 455 2076 moras
469 2027 561 2084 omnis,
582 2040 662 2088 opera
675 2028 764 2076 omnia
776 2026 871 2090 rumpit

84 2121 134 2165 700
153 2117 251 2164 laetitia
264 2119 392 2178 exultans,
407 2116 617 2176 horrendumque
630 2114 733 2164 intonat
745 2117 832 2176 armis,

153 2213 264 2267 quantus
278 2206 361 2253 Athos
376 2213 420 2254 uut
432 2212 543 2268 quantus
556 2203 625 2265 Eryx
638 2210 683 2251 aut
700 2204 756 2267 ipse
769 2202 874 2255 coruscis

153 2309 211 2342 cum
225 2294 309 2343 fremit
321 2295 422 2343 ilicibus
437 2301 548 2356 quantus
561 2292 710 2354 gaudetque
723 2294 803 2343 nivali

152 2384 245 2432 vertice
258 2399 285 2433 se
299 2383 420 2432 attollens
433 2389 505 2444 pater
517 2380 690 2444 Appenninus
704 2382 736 2429 sd
751 2397 837 2431 auras.

152 2473 204 2521 iam
219 2487 277 2520 vero
291 2478 316 2520 et
328 2471 416 2518 Rutuli
431 2471 546 2519 certatim
560 2477 585 2518 et
597 2469 679 2516 Troes
694 2477 719 2518 et
732 2485 822 2519 omnes

81 2564 130 2612 705
151 2568 299 2612 convertere
313 2560 402 2610 oeulos
416 2559 486 2619 Itali,
501 2559 597 2622 quique
611 2557 664 2606 alta
677 2558 800 2607 tenebant

137 2656 249 2709 moenia
264 2656 368 2724 quique
381 2653 452 2705 imos
464 2647 610 2717 pulsabant
620 2644 701 2692 aneta
709 2658 809 2699 musas„
