1808 2956
269 114 417 153 AENEIDOS
432 115 519 152 LIBER
537 116 588 153 vn.
767 107 826 154 349

98 271 214 328 Virbius,
229 270 358 331 insignem
371 285 448 333 quem
460 278 543 319 mater
556 271 644 318 Aricia
656 272 733 329 misit,

98 361 221 408 eduemm
233 359 343 420 Egeriae
356 360 421 407 lucis
434 360 549 406 umentia
563 360 659 408 circum

98 449 186 506 litora,
202 447 306 510 pinguis
319 447 363 494 ubi
377 454 402 495 et
415 448 551 510 placabilis
565 463 610 497 ara
621 448 731 496 Dianae.

48 538 76 586 35
98 550 213 598 namque
230 536 315 584 ferunt
334 535 403 583 fama
416 535 600 598 Hippolytum,
621 544 759 600 postquam
777 546 831 587 arte

403 639 529 672 novercae

99 713 225 762 occiderit
237 712 386 775 patriasque
399 713 509 774 explerit
521 713 647 774 sanguine
660 729 757 776 poenas

98 801 209 850 turbatis
223 801 360 848 distraetus
374 800 456 862 equis,
472 801 504 848 ad
518 801 603 848 sidera
616 817 703 849 rursus

98 890 215 939 aetheria
228 897 254 937 et
265 904 370 952 superus
385 890 449 937 caeli
462 890 562 938 venisse
575 890 621 937 sub
636 905 721 948 auras,

97 979 221 1027 Paeoniis
234 986 383 1026 revocatum
396 978 481 1026 herbis
496 985 521 1026 et
534 992 621 1026 amore
634 978 745 1026 Dianae.

48 1074 76 1119 i0
98 1078 155 1116 turn
180 1074 252 1128 pater
276 1067 455 1128 omnipotens,
487 1067 600 1128 aliquem
624 1067 773 1128 indignatus
798 1068 830 1115 ah

403 1154 500 1201 umbris

98 1245 237 1293 mortalem
250 1242 357 1290 infernis
371 1243 402 1290 ad
416 1244 516 1291 lumina
529 1257 633 1304 surgere
645 1244 721 1302 vitae,

99 1335 156 1397 ipse
169 1340 326 1394 repertorem
339 1331 483 1379 medicinae
496 1331 554 1378 talis
568 1339 593 1379 et
606 1333 666 1380 artis

101 1422 211 1470 fulmine
224 1420 419 1482 Phoebigenam
433 1419 535 1482 Stygias
549 1421 657 1468 detrusit
670 1421 702 1468 ad
718 1422 809 1468 undas.

102 1518 129 1558 at
141 1509 230 1557 Trivia
243 1502 411 1571 Hippolytum
424 1509 527 1556 secretis
541 1508 610 1555 alma
622 1509 740 1556 recondit

48 1603 79 1650 75
101 1597 206 1647 sedibus
220 1603 245 1646 et
257 1597 386 1659 nymphae
398 1597 508 1659 Egeriae
520 1596 671 1658 nemorique
684 1597 789 1658 relegat,

102 1687 175 1736 solus
188 1686 231 1733 ubi
244 1685 272 1732 in
286 1685 355 1733 silvis
368 1685 442 1732 Italis
454 1685 577 1747 ignobilis
592 1698 681 1732 aevom

102 1775 218 1836 exigeret
229 1789 354 1836 versoque
367 1774 411 1821 ubi
424 1775 529 1822 nomine
542 1773 647 1820 Virbius
661 1780 734 1821 esset.

102 1863 173 1911 unde
185 1863 263 1910 etiam
275 1864 371 1925 templo
385 1863 486 1911 Triviae
499 1863 616 1924 lucisque
630 1863 736 1909 sacratis

102 1952 255 2014 cornipedes
269 1958 388 1999 arcentur
401 1952 469 2014 equi,
485 1951 554 2013 quod
567 1951 641 1998 litore
655 1965 758 1998 currum

48 2048 81 2090 80
103 2048 129 2089 et
141 2039 259 2088 iuvenem
272 2039 392 2086 monstris
406 2039 492 2101 pavidi
506 2038 618 2087 effudere
631 2039 746 2087 marinis.

102 2129 171 2177 filius
186 2128 298 2176 ardentis
312 2127 380 2174 haud
394 2129 472 2176 setius
487 2142 598 2190 aequore
612 2128 696 2190 campi

102 2216 240 2267 exercebat
253 2231 333 2278 equos
347 2231 474 2278 curruque
487 2217 514 2263 in
527 2216 596 2264 bella
608 2215 707 2263 ruebat.

138 2305 197 2368 Ipse
210 2305 277 2352 inter
289 2305 385 2367 primos
398 2305 539 2367 praestanti
553 2318 660 2367 corpore
672 2305 775 2352 Turnus

101 2394 210 2442 vertitur
223 2409 294 2441 arma
306 2400 395 2442 tenens
409 2401 435 2441 et
447 2400 501 2441 toto
514 2393 607 2441 vertice
620 2401 730 2455 suprast

49 2489 81 2532 85
103 2483 145 2531 eui
159 2481 255 2544 triplici
269 2482 362 2529 crinita
374 2481 435 2530 iuba
448 2483 523 2544 galea
536 2482 590 2530 alta
602 2479 777 2529 Chimaeram
819 2512 820 2516 ,

97 2570 215 2626 sustinet,
230 2569 366 2620 Aetnaeos
380 2571 521 2622 efflantem
531 2565 762 2627 laucmusigmss
