1808 2956
239 175 388 214 Anuuruos
403 176 490 214 maun
507 177 570 214 vni.
739 167 796 213 361

74 332 118 379 hic
130 346 189 380 vero
203 332 313 380 Alcidae
326 332 398 379 furiis
412 338 542 380 exarserat
554 339 609 378 atro

22 426 54 469 20
75 420 136 468 felle
149 421 240 468 dolor:
261 421 328 482 rapit
347 435 418 467 arma
431 435 509 468 manu
528 420 655 482 nodisque
667 427 804 480 gravatum

74 508 154 555 robur
166 515 192 555 et
204 509 267 556 aerii
280 524 355 556 cursu
369 510 432 571 petit
445 509 526 557 ardua
538 509 642 555 montis.

75 603 130 643 turn
142 597 253 658 primum
267 598 346 645 nostri
361 595 459 645 Cacum
472 597 559 644 videre
572 597 703 644 timentem

74 683 256 747 turbatumque
270 686 354 733 oculi:
376 685 442 745 fugit
454 685 524 733 ilicet
537 685 608 732 ocior
621 698 682 732 euro

74 773 277 835 speluncamque
291 775 369 836 petit;
389 773 497 835 pedibus
511 773 587 819 timor
600 772 700 820 addidit
713 772 778 820 ales.

22 865 53 908 25
74 867 104 907 ut
115 875 170 908 sese
184 862 288 909 inclusit
301 863 433 924 ruptisque
446 862 550 908 inmane
564 861 660 908 catenis

75 948 169 996 deiecit
180 965 280 1008 sexum,
297 950 363 998 ferro
377 951 445 1012 quod
461 958 486 999 et
498 957 552 998 arte
565 956 671 1010 paterna

73 1037 204 1098 pendebat
215 1038 345 1100 fultosque
358 1039 466 1086 emuniit
478 1038 552 1085 obice
564 1044 659 1099 postes,

74 1138 134 1172 ecce
147 1125 233 1173 furens
247 1127 338 1174 animis
352 1128 441 1176 aderet
454 1126 603 1188 Tirynthius
617 1139 772 1186 omnemque

74 1228 207 1261 accessum
221 1216 332 1263 lustrans
345 1216 396 1264 huc
409 1230 455 1263 ora
468 1215 566 1264 ferebat
579 1222 604 1262 et
616 1214 687 1267 illuc,

22 1307 53 1350 30
74 1301 193 1348 dentibus
207 1303 364 1352 infrendens.
392 1311 429 1352 ter
442 1311 524 1351 totum
537 1303 648 1351 fervidus
661 1303 699 1350 ira

74 1391 166 1438 lustrat
178 1392 298 1438 Aventini
312 1399 435 1451 montem,
451 1399 488 1439 ter
501 1407 579 1440 saxea
593 1399 700 1453 temptat

74 1478 165 1527 limina
178 1480 344 1541 nequiquam,
361 1487 398 1528 ter
411 1480 491 1528 fessus
504 1481 571 1528 valle
584 1480 686 1528 resedit.

74 1567 159 1614 stabat
172 1576 247 1616 acuta
260 1569 333 1625 silex,
350 1569 472 1630 praecisis
484 1569 600 1630 undique
612 1569 681 1616 saxis

74 1656 213 1717 speluncae
227 1657 303 1704 dorso
316 1657 462 1717 insurgens,
478 1657 605 1704 altissima
617 1657 680 1715 visu,

22 1749 52 1793 35
75 1745 188 1792 dirarum
202 1745 269 1792 nidis
283 1746 373 1792 domus
388 1752 533 1808 opportune
546 1745 687 1792 volucrum.

73 1833 156 1890 hanc,
177 1841 205 1880 ut
224 1849 305 1895 prona
324 1835 385 1895 iugo
405 1834 505 1882 laevum
523 1833 689 1881 incumbebat
701 1835 733 1881 ad
747 1849 803 1882 arn·

375 1937 442 1980 nem,

74 2009 162 2057 dexter
176 2009 202 2056 in
217 2011 351 2057 adversum
365 2011 448 2059 nitens
463 2012 591 2059 concussit
604 2021 629 2059 et
642 2011 700 2059 imis

74 2099 189 2145 avolsam
202 2098 278 2145 solvit
291 2098 437 2158 radicibus3
457 2100 517 2147 inde
536 2107 641 2161 repente

73 2186 176 2247 inpulit,
192 2187 297 2249 inpulsu
311 2202 362 2248 quo
375 2189 503 2236 maximus
516 2189 618 2237 intonat
630 2189 727 2246 aether,

22 2281 53 2323 40
75 2275 213 2322 dissultant
226 2276 297 2337 ripae
310 2276 444 2338 refluitque
457 2277 592 2324 exterritus
605 2278 697 2324 amnis.

74 2371 101 2411 et
114 2378 205 2425 specus
219 2372 244 2411 et
258 2362 320 2412 Caci
335 2364 435 2413 detecta
447 2366 568 2427 adparuit
580 2366 670 2426 ingens

74 2452 146 2511 regia
158 2459 183 2498 et
195 2453 331 2500 umbrosae
344 2454 444 2514 penitus
458 2462 563 2515 patuere
576 2467 709 2511 cavernae,

74 2554 127 2585 non
141 2554 213 2587 secus
227 2557 257 2588 ac
270 2542 345 2602 siqua
357 2542 458 2603 penitus
472 2542 495 2589 vi
509 2549 576 2589 terra
589 2542 726 2590 dehiscens

72 2629 186 2676 internas
200 2637 294 2678 reseret
306 2631 388 2680 sedes'
396 2639 422 2681 et
435 2647 521 2696 regna
531 2631 662 2680 recludat
