1808 2956
26 34 36 173 l
152 152 179 192 Ρ.
197 151 286 192 vaae.
302 152 374 192 usa.
395 150 564 192 eaouorcoa
582 152 669 191 nisan
686 154 725 192 ir.
779 143 836 190 107

112 309 226 359 decutiat
238 322 323 358 rorem
336 315 362 357 et
373 309 501 370 surgentis
515 316 608 357 atterat
619 309 721 358 herbas.

31 338 39 469 l
112 398 198 447 absint
210 405 236 446 et
248 398 311 461 picti
323 396 470 460 squalentia
482 404 555 458 terga
568 398 656 446 lacerti

32 472 36 543 l
111 486 251 549 pinguibus
262 486 294 534 ab
306 486 414 534 stabulis
422 500 591 548 meropesque
598 487 716 550 aliaeque
723 487 841 535 volucres

70 577 94 620 15
112 582 136 623 et
148 574 268 622 manibus
281 573 380 622 Procne
393 580 481 636 pectus
495 575 597 635 signata
610 576 737 623 cruentis:

112 663 201 711 omnia
214 678 275 710 nam
288 663 341 711 late
353 669 455 711 vastant
468 663 587 726 ipsasque
600 664 710 711 volantis

111 767 155 800 ore
168 750 255 799 ferunt
268 751 370 800 dulcem
383 751 450 799 nidis
463 751 596 799 inmitibus
609 766 704 799 escam.

113 847 138 888 at
151 840 244 903 liquidi
258 839 341 888 fontes
355 848 380 888 et
392 846 485 900 stagna
497 839 605 887 virentia
617 854 706 887 musco

112 929 199 977 adsint
211 935 236 976 et
249 929 332 976 tenuis
346 928 446 989 fugiens
461 943 506 990 per
519 929 639 989 gramina
650 929 727 987 rivos,

65 1021 94 1064 20
113 1018 251 1080 palmaque
263 1016 417 1064 vestibulum
429 1024 474 1064 aut
484 1017 574 1078 ingens
585 1017 839 1075 oleasterinumbret,

112 1113 148 1164 nt,
165 1120 224 1153 cum
237 1105 321 1167 pn'ma
333 1106 393 1153 novi
407 1106 501 1152 ducent
514 1106 634 1153 examina
646 1120 718 1167 reges

112 1208 170 1243 vere
183 1208 230 1242 sno
244 1194 365 1256 ludetque
379 1193 442 1242 favis
456 1194 549 1242 emissa
562 1195 687 1252 iuventus,

112 1283 199 1330 vicina
211 1282 300 1330 invitet
313 1282 435 1330 decedere
449 1282 506 1344 ripa
519 1283 599 1330 calori

15 1380 19 1407 ¹
51 1401 53 1405 ψ
113 1371 242 1432 obviaque
255 1369 373 1432 hospitiis
387 1377 472 1418 teneat
484 1370 662 1418 frondentibus
677 1370 761 1418 arbos.

10 1412 20 1517 ‚f
64 1463 94 1506 25
113 1459 140 1506 in
153 1459 277 1517 medium,
293 1474 337 1506 scu
351 1459 429 1506 stabit
441 1459 509 1506 iners
523 1473 567 1507 seu
581 1459 690 1520 profluet
704 1473 785 1516 umor,

11 1526 18 1539 '
113 1555 270 1597 transversas
284 1547 374 1594 salices
388 1555 413 1595 et
425 1547 534 1608 grandia
548 1548 637 1595 conice
650 1562 722 1603 saxa,

112 1635 234 1698 pontibus
249 1643 276 1682 ut
289 1635 384 1684 crebris
397 1636 497 1698 possint
510 1636 648 1682 consistere
662 1642 687 1682 et
699 1634 754 1683 alas

112 1724 227 1787 pandere
240 1724 272 1771 ad
286 1724 410 1772 aestivom
423 1724 513 1782 solem,
530 1724 550 1770 si
564 1723 628 1770 sorte
642 1721 766 1769 morantis

112 1812 235 1875 sparserit
248 1819 292 1860 ant
304 1826 426 1874 praeceps
440 1812 560 1874 Neptuno
574 1811 718 1858 inmerserit
730 1824 814 1859 eurus.

8 1938 12 1963 Ι.
60 1906 92 1949 30
112 1901 178 1949 haec
192 1901 289 1948 circum
302 1901 387 1948 casiae
400 1900 493 1947 virides
507 1907 532 1947 ct
545 1899 642 1947 olentia
654 1900 705 1947 late

112 1990 228 2052 serpulla
241 1995 267 2037 et
278 1989 389 2050 graviter
401 1988 521 2050 spirantis
536 1988 611 2050 copia
624 1987 757 2049 thymbrae

112 2078 204 2126 floreat
216 2077 399 2138 inriguomque
413 2077 502 2124 bibant
514 2076 622 2124 violaria
635 2075 741 2123 sontem.
774 2062 779 2072 ⁹

112 2167 170 2228 ipsa
182 2173 277 2223 autern,
293 2180 338 2213 seu
352 2165 490 2213 corticibus
504 2165 549 2212 tibi
563 2172 621 2211 suta
634 2164 729 2212 cavatis

112 2268 158 2301 seu
171 2255 241 2307 lento
255 2253 350 2302 fuerint
364 2254 476 2302 alvearia
488 2253 581 2301 vimine
594 2259 672 2311 textu,

59 2348 91 2390 35
113 2349 238 2403 angustos
251 2341 366 2389 habeant
379 2343 478 2389 aditus:
500 2355 560 2389 nam
573 2341 668 2402 frigore
681 2341 759 2388 mella

113 2431 184 2491 cogit
196 2429 278 2478 hiems
292 2431 433 2491 eademque
446 2430 518 2477 calor·
531 2428 671 2491 liquefacta
683 2428 796 2475 remittit.

113 2526 223 2581 utraque
235 2518 273 2565 vis
286 2517 376 2580 apibus
388 2518 486 2581 pariter
498 2519 653 2580 metuenda,
667 2516 840 2582 neque'ulae

106 2605 260 2664 nequiquam
272 2604 300 2652 in
316 2607 391 2658 tectis
405 2611 533 2664 certatim
547 2612 647 2664 tenuia
659 2625 729 2662 cera
