1808 2956
68 181 126 228 170
303 189 328 226 Ρ.
346 188 468 227 YERGILI
488 187 619 227 lllAllONlS

132 352 246 408 raptatus
260 345 336 407 bigis,
351 352 379 392 ut
392 345 533 406 quondam,
550 353 655 406 aterque
670 353 775 393 cruento

132 435 236 497 pulvere
250 449 346 497 perque
360 434 437 496 pedes
451 435 570 482 traiectus
585 435 641 481 lora
658 434 787 480 tumentis.

133 523 156 571 ei
168 523 241 580 mihi,
258 523 342 586 qualis
356 530 418 580 erat,
436 530 560 584 quantum
574 531 687 569 mutatus
701 522 732 568 ab
747 522 794 568 illo

63 615 113 660 275
133 611 243 660 Hectore
257 613 300 675 qui
314 612 380 659 redit
393 611 496 658 exuvias
511 611 614 657 indutus
628 610 726 658 Achilli

133 701 172 748 vel
185 701 307 749 Danaum
319 700 446 762 Phrygios
460 699 587 747 iaculatus
601 698 731 761 puppibus
744 697 826 758 iguis!

133 790 294 852 squalentem
307 787 415 835 barbam
428 796 453 835 et
467 795 601 835 concretos
615 787 742 848 sanguiue
756 786 834 833 erinis

132 879 289 939 volneraque
302 877 349 924 illa
362 890 453 938 gerens
466 891 532 938 quae
545 877 641 924 circum
653 876 764 938 plurima
777 890 864 922 muros

133 966 233 1028 accepit
246 965 351 1027 pat-rios.
379 965 448 1012 ultro
461 965 524 1012 flens
538 965 592 1027 ipse
606 965 710 1012 videbar

65 1059 115 1103 280
135 1054 292 1116 compellare
305 1053 387 1099 virum
401 1060 425 1100 et
438 1060 548 1100 maestas
563 1068 713 1115 expromere
727 1067 812 1100 voces.

132 1132 158 1190 ‘o
172 1144 217 1191 lux
230 1142 388 1199 Dardaniae,
404 1156 462 1204 spes
477 1156 491 1188 o
505 1141 630 1189 fidissima
644 1142 781 1197 Teucrum,

136 1245 201 1294 quae
215 1238 302 1278 tantae
316 1238 419 1278 tenuere
432 1229 537 1277 morae?
551 1229 644 1291 quibus
658 1230 753 1277 Hector
767 1230 798 1277 ab
813 1231 864 1277 oris

136 1327 268 1383 expectate
281 1317 369 1366 venis?
388 1325 417 1364 ut
429 1325 454 1365 te
467 1326 526 1380 post
538 1319 620 1366 multa
634 1327 734 1365 tuorum

135 1408 240 1466 lunera,
260 1414 319 1470 post
331 1407 414 1453 varios
429 1406 614 1469 hominumque
627 1407 750 1469 urbisque
764 1407 865 1455 labores

67 1501 117 1545 285
137 1496 229 1545 defessi
243 1495 396 1558 aspicimus!
417 1509 484 1557 quae
498 1510 576 1542 eausa
589 1496 696 1557 indigna
710 1511 813 1543 serenos

136 1585 248 1634 foedavit
261 1585 344 1632 voltus
358 1592 402 1630 aut
416 1599 460 1631 eur
473 1583 537 1631 haee
551 1585 657 1631 volnera
671 1576 773 1631 cerno?

137 1675 182 1722 ille
195 1674 270 1731 nihil,
286 1688 334 1720 nee
347 1687 386 1720 me
401 1681 567 1734 quaerentem
580 1688 646 1719 vana
659 1681 782 1729 moratur,

137 1764 181 1811 sed
195 1762 306 1824 graviter
317 1762 427 1823 gemitus
441 1762 493 1808 imo
507 1754 539 1809 'ue
552 1773 656 1824 pectore
670 1762 766 1808 ducens

134 1840 196 1900 ‘heu
209 1852 283 1913 fuge,
304 1858 363 1897 nate
378 1851 439 1908 dea,
455 1858 531 1912 teque
545 1841 592 1897 his'
607 1851 642 1898 ait
652 1840 733 1911 ‘eripe
746 1850 865 1897 flammis.

69 1944 120 1995 290
139 1940 218 1988 hostis
232 1940 310 1987 habet
322 1953 418 1997 muros,
434 1939 486 1985 ruit
499 1940 551 1986 alta
564 1954 579 1986 a
593 1939 704 1986 culmine
718 1938 806 1985 Troia.

139 2036 178 2076 sat
191 2029 288 2091 patriae
301 2027 457 2089 Priamoque
478 2028 579 2075 datum:
600 2028 621 2074 si
634 2027 761 2098 Pergama
780 2027 870 2074 dextra

140 2117 242 2165 delendi
255 2123 368 2179 possent,
385 2116 461 2163 etiam
475 2116 524 2163 liae
538 2116 642 2163 defensa
655 2115 771 2162 luissent.

139 2221 213 2254 saera
226 2219 338 2267 suosque
352 2203 397 2251 tibi
412 2205 577 2253 commendat
589 2204 670 2251 Troia
682 2212 802 2267 penates:

140 2295 187 2342 hos
202 2309 265 2357 cape
278 2293 390 2340 fatorum
404 2294 518 2352 comites,
535 2294 575 2341 his
588 2293 692 2341 moenia
706 2307 809 2354 quaere,

72 2388 121 2431 295
140 2399 237 2445 magna
249 2389 380 2446 pererrato
394 2390 490 2429 statues
504 2397 570 2444 quae
585 2382 695 2444 denique
709 2373 811 2443 ponto.³

141 2472 178 2520 sie
191 2472 228 2519 ait
240 2479 265 2519 et
278 2471 396 2520 manibus
410 2473 485 2519 vittas
499 2471 657 2534 Vestamque
670 2479 801 2533 potentem

137 2567 324 2622 aeternumque
337 2561 421 2623 adytis
436 2560 508 2609 effert
520 2560 696 2624 penetralibus
709 2559 806 2620 iguem.

149 2642 268 2692 Diverso
280 2649 388 2700 interea
401 2652 552 2703 miscentur
565 2652 674 2706 moenia
684 2650 762 2700 luctu
