1808 2956
255 196 402 237 AENEIDOS
419 198 507 237 LIBER
521 199 552 237 X·
739 188 794 234 44]

74 354 119 402 sed
134 354 224 402 iaculis
237 354 350 417 tutisque
362 354 452 417 procul
466 354 623 404 clamoribus
635 355 740 414 instant,

74 443 119 492 ille
132 449 218 493 antem
230 443 366 505 inpavidus
379 443 458 506 partis
472 450 607 493 cunctatur
619 443 646 491 in
660 443 752 503 omnis,

28 537 55 580 l5
76 532 196 580 dentibus
209 531 367 591 infrendens,
383 539 409 580 et
420 538 492 593 tergo
506 532 603 580 decutit
615 532 718 581 hastas:

74 621 142 669 haud
157 621 242 680 aliter,
256 621 339 668 iustae
352 621 445 683 quibus
459 627 497 669 est
508 621 650 670 Mezentius
662 621 724 682 irae,

74 724 126 757 non
141 710 188 757 ulli
202 717 240 758 est
252 710 353 758 unimus
367 710 455 758 stricto
469 723 621 758 concurrere
634 709 717 769 ferr03

74 799 214 846 missilibus
228 799 305 860 louge
319 805 344 847 et
356 805 428 847 vasto
442 799 555 846 clamore
568 799 706 847 lacessunt.

74 893 178 934 venerut
191 887 303 949 antiquis
318 885 424 950 Corythi
438 887 469 934 de
482 887 575 934 linibus
588 886 686 945 Acron,

28 978 55 1022 20
75 971 168 1022 Graius
189 974 282 1035 horno,
306 975 414 1024 infectos
432 975 552 1038 linquens
572 975 696 1038 profugus
715 975 801 1038 hyme-

375 1078 469 1113 naeosr

75 1150 143 1200 huuc
155 1151 200 1200 ubi
213 1153 363 1201 miscentem
377 1153 455 1215 longe
468 1153 553 1202 medis
566 1153 670 1215 agmina
683 1152 755 1211 vidit,

75 1255 230 1301 purpureum
243 1242 329 1305 pinnis
342 1249 367 1291 et
380 1249 470 1304 pactae
483 1241 600 1304 coniugis
613 1247 693 1302 ostro,

73 1326 188 1390 inpastus
202 1331 303 1379 stabula
317 1332 370 1379 alta
384 1331 424 1379 leo
439 1346 484 1380 ceu
498 1345 574 1393 saepe
587 1344 738 1393 peragrans,

74 1415 178 1480 (suadet
191 1420 260 1468 enim
272 1435 383 1468 vaesana
396 1420 489 1484 fames)
502 1421 523 1467 si
537 1420 602 1468 torte
615 1419 733 1481 fugacem

28 1509 53 1552 25
73 1508 208 1569 conspexit
228 1523 348 1570 cupream
367 1515 412 1555 aut
431 1515 577 1570 surgentem
597 1508 624 1554 in
638 1521 735 1556 cornua
748 1521 801 1555 cer·

373 1610 441 1655 vom,

74 1681 179 1742 gaudet,
195 1683 270 1732 hians
283 1684 397 1741 inmane,
418 1697 556 1744 comasque
570 1682 665 1730 arrexit
677 1688 702 1730 et
714 1681 803 1730 haeret

73 1770 213 1818 visceribus
227 1787 303 1834 super
316 1771 475 1829 incumbens,
492 1769 555 1818 lavit
566 1769 676 1832 inproba
688 1776 768 1821 taeter

74 1873 119 1906 ora
133 1873 216 1918 cruor,

74 1948 111 1996 sic
124 1948 175 1995 ruit
186 1948 213 1995 in
228 1949 320 1996 densos
333 1947 420 1996 alacer
431 1948 572 1996 Mezentius
585 1947 674 1996 hostis.

28 2041 54 2084 30
74 2036 195 2084 sternitur
207 2037 298 2085 infelix
310 2037 398 2086 Acron
413 2044 438 2084 et
451 2036 564 2084 calcibus
577 2044 659 2086 atram
704 2075 706 2080 .

74 2125 159 2172 tundit
176 2125 283 2173 humum
303 2125 423 2188 expirans
435 2125 596 2188 infractaque
609 2127 661 2175 tela
673 2132 797 2174 cruentat.

74 2214 232 2275 etqueidem
245 2215 386 2276 lugientem
399 2213 468 2262 haud
481 2221 519 2263 est
531 2212 652 2276 dignatus
666 2214 770 2263 Oroden

75 2307 187 2351 sternere
200 2318 247 2351 nec
260 2304 328 2351 iacta
341 2317 446 2352 caecum
460 2302 520 2351 dare
533 2303 637 2365 cuspide
651 2304 757 2362 volnus3

75 2389 164 2437 obvius
177 2392 336 2453 adversoque
349 2391 461 2440 occurrit
473 2405 553 2453 seque
566 2391 619 2438 viro
633 2392 671 2439 vir

28 2482 54 2525 35
76 2479 193 2539 eontulit,
209 2480 278 2528 haud
291 2481 359 2528 furto
372 2479 473 2539 melior,
488 2480 533 2528 sed
547 2479 655 2527 fortibus
669 2480 755 2527 armis.

75 2573 128 2614 tum
141 2583 218 2630 super
230 2569 359 2618 abiectum
371 2569 456 2632 posito
469 2569 534 2632 pede
548 2569 626 2616 ninus
638 2573 667 2615 et
675 2567 759 2612 basaa

71 2645 139 2720 ‘pars
151 2657 213 2708 belli
225 2658 296 2707 baud
305 2659 461 2721 temnenda,
475 2632 834 2719 nannetensem&-
