1808 2956
228 325 376 370 nannmos
391 331 479 369 menn
495 331 537 370 xr.
719 323 780 370 455

10 494 35 536 15
57 494 147 536 contra
159 486 234 534 turba
247 485 379 547 Phrygum
392 487 496 534 veniens
509 488 659 550 plangentia
672 488 757 548 iungit

56 576 170 637 agmina.
199 589 265 636 qnae
278 583 416 636 postquam
429 583 523 624 matres
537 576 673 623 succedere
687 577 760 624 tectis

55 664 182 720 viderunt,
199 669 323 710 maestum
335 663 478 711 incendunt
491 663 646 712 clamoribus
659 664 758 712 urbem.

55 759 82 800 nt
93 767 148 799 nen
160 751 309 798 Euandrum
324 751 392 812 potis
405 758 443 799 est
454 752 491 799 n's
504 753 558 800 ulla
571 760 666 808 tenere,

56 841 101 889 sed
114 840 223 888 venitin
236 839 344 886 medios.
372 839 465 888 feretro
478 840 599 888 Pallanta
613 848 714 902 reposto

10 936 36 979 50
56 928 194 992 procubuit
219 942 296 989 super
321 936 398 989 atque
424 928 513 977 haeret
533 929 722 990 lacrimansque
742 943 786 988 ge·

358 1030 480 1078 mensque

56 1113 82 1154 et
93 1107 134 1153 via
146 1107 189 1153 vix
202 1106 306 1153 tandem
319 1105 374 1152 voci
389 1106 476 1153 laxata
490 1105 612 1152 dolerent.

54 1185 118 1242 ‘non
131 1194 204 1252 haec,
221 1193 332 1252 ePalla,
349 1194 456 1242 dederas
469 1193 596 1255 promissa
609 1193 718 1255 parenti.

58 1283 156 1329 cautius
169 1289 198 1330 ut
210 1296 286 1330 saeva
298 1282 378 1330 velles
391 1289 415 1330 te
429 1282 532 1330 credere
544 1281 636 1329 Martii

58 1368 126 1416 haud
140 1370 244 1431 ignarus
263 1386 333 1419 eram
351 1376 477 1432 quantum
490 1384 558 1417 nova
571 1369 655 1430 gloria
667 1369 694 1416 in
707 1368 785 1418 ermis

10 1462 37 1506 55
57 1466 83 1506 et
95 1459 232 1520 praedulce
246 1461 324 1508 decus
337 1460 420 1522 primo
434 1459 574 1507 certamine
585 1465 680 1520 posset.

56 1547 185 1609 primitiae
197 1548 296 1596 iuvenis
309 1549 417 1596 miserae
430 1548 545 1609 bellique
557 1547 697 1609 propinqui

57 1637 121 1683 dura
134 1636 279 1684 rudimenta
292 1643 318 1683 et
330 1636 395 1683 nulli
409 1636 531 1683 exaudita
544 1635 651 1683 deorum

56 1730 116 1769 vota
134 1737 274 1784 precesque
287 1723 373 1770 mene!
399 1731 493 1784 tuque,
521 1737 536 1768 ο
550 1722 711 1770 sanctissima
725 1736 786 1769 con·

357 1810 430 1868 iunx,

57 1898 120 1945 felix
133 1904 215 1944 morte
228 1904 273 1944 tua
285 1911 369 1957 neque
382 1897 408 1943 in
422 1897 492 1944 hune
505 1905 603 1945 servata
617 1896 748 1945 dolorem!

10 1993 37 2036 30
58 1994 147 2035 contra
161 2000 209 2047 ego
223 1984 330 2032 vivendo
344 1985 391 2032 n'ci
405 1999 463 2032 mea
475 1984 537 2041 fata,
553 1992 680 2045 superstes

57 2083 179 2123 restarem
192 2082 220 2121 ut
232 2074 342 2135 genitor.
370 2073 468 2120 Troum
481 2073 551 2120 socia
564 2088 636 2120 anna
649 2080 765 2120 secutum

57 2165 195 2212 obruerent
207 2162 294 2210 Rutuli
309 2162 382 2210 telis!
403 2163 517 2210 animam
530 2162 585 2223 ipse
598 2161 727 2209 dedissem

56 2262 135 2315 etque
150 2252 212 2300 haee
233 2265 328 2313 pompa
348 2251 454 2298 domum
471 2264 527 2308 me,
548 2265 602 2297 nnn
614 2249 735 2298 Pallanta
748 2263 786 2296 re-

358 2339 448 2387 ferret!

57 2443 162 2476 necros
177 2428 314 2489 arguerim,
330 2427 433 2485 Teucri,
449 2441 497 2475 nec
509 2427 614 2475 foedera
627 2441 675 2474 nec
689 2441 753 2488 quas

10 2521 37 2564 35
57 2517 188 2564 iunximus
201 2517 314 2578 hospitio
328 2517 446 2564 dextras:
468 2531 523 2564 nors
536 2516 585 2564 ista
599 2522 716 2562 senectae

58 2605 144 2653 debita
157 2613 212 2653 erat
224 2614 337 2653 nostrae.
365 2605 434 2666 quod
448 2605 470 2652 si
482 2604 612 2652 inmature
624 2601 746 2650 manebat

57 2708 127 2741 mors
139 2702 256 2754 gnatum,
272 2693 353 2742 anesis
365 2692 521 2740 Volscorum
533 2691 640 2738 milibus
651 2697 716 2735 ente

55 2783 189 2830 ducentem
202 2782 231 2830 in
243 2782 352 2832 Latium
365 2783 488 2832 Teucros
503 2769 774 2829 cedidxssexasnss.
