1808 2956
244 191 392 230 aaxmnos
412 193 498 231 urana
516 194 557 231 111.
740 185 799 231 203

30 354 53 396 lo
73 348 226 410 progredior
238 356 322 410 portu,
339 347 433 396 classes
448 356 472 396 et
485 349 562 396 litora
576 350 704 413 linquens,

74 436 207 484 sollemnis
221 452 279 484 cum
293 437 357 484 sorte
372 438 450 499 dapes
464 446 489 486 et
501 438 584 486 tristia
597 440 667 486 dona

74 534 132 573 ante
147 526 235 572 urbem
249 525 276 572 in
289 525 348 573 luco
362 525 421 572 falsi
435 524 575 574 Simoentis
588 528 621 574 ad
634 528 731 575 undam

74 614 173 662 libabat
186 613 264 661 cineri
279 614 462 661 Andromache
476 629 616 676 manesque
629 616 738 664 vocabat

73 701 228 751 Hectoreum
243 703 275 750 ad
289 702 432 759 tumulum,
453 703 526 750 viridi
545 719 621 765 quem
640 705 752 767 caespite
765 706 804 752 in·

374 805 449 839 anom

30 884 52 926 »5
74 887 98 927 et
110 880 236 940 geminas,
253 895 357 927 causam
370 881 492 938 lacrimis,
508 889 652 929 sacraverat
665 896 731 929 aras.

74 976 101 1014 nt
114 982 154 1015 me
168 969 304 1030 conspexit
316 969 461 1017 venientem
475 977 500 1017 et
512 969 593 1017 Troia
606 970 703 1018 circum

75 1070 146 1103 arma
159 1071 248 1105 amens
261 1056 333 1115 vidit,
348 1058 450 1118 magnis
464 1058 587 1107 exterrita
599 1059 720 1106 monstris

74 1145 184 1206 deriguit
198 1146 252 1192 risu
265 1146 292 1193 in
308 1146 403 1203 medio,
420 1147 492 1193 calor
505 1161 564 1194 ossa
577 1147 690 1210 reliquit,

77 1233 172 1281 labitur
185 1243 210 1282 et
222 1235 302 1296 longo
316 1235 358 1281 vix
371 1235 476 1283 tandem
489 1244 604 1298 tempore
618 1235 687 1284 satur

30 1328 55 1370 lo
71 1311 175 1371 ‘verane
188 1331 213 1370 te
226 1323 313 1380 facies,
329 1338 402 1371 verus
416 1324 479 1371 mihi
492 1325 597 1372 nuntius
611 1324 705 1373 adfers.
749 1351 754 1362 ι

75 1420 134 1460 nate
147 1411 213 1459 dea?
232 1411 345 1459 vivisne?
365 1422 417 1469 aut,
433 1413 453 1459 si
467 1413 512 1460 lux
526 1413 596 1461 alma
608 1414 722 1461 recessit.

76 1500 171 1548 Hector
181 1499 224 1546 ubi
237 1493 298 1548 est?’
312 1501 377 1547 dixit
388 1502 561 1563 lacrimasque
573 1502 663 1550 effudit
670 1510 695 1550 et
702 1517 806 1550 omnem

76 1589 183 1650 inplevit
195 1588 309 1636 clamore
322 1589 416 1636 locum.
444 1590 486 1635 vix
500 1604 583 1651 panca
595 1589 689 1638 furenti

76 1677 174 1724 subicio
188 1684 213 1724 ct
228 1677 292 1724 raris
306 1677 421 1725 turbatus
435 1677 540 1726 vocibus
553 1677 635 1726 hisco.

30 1771 55 1813 15
75 1765 140 1811 ‘vivo
154 1765 274 1827 equidem
286 1766 415 1828 vitamque
429 1774 544 1814 extrema
556 1780 601 1828 per
615 1766 702 1813 omnia
721 1766 805 1824 duco;

75 1869 108 1902 ne
122 1853 219 1910 dubit-a,
236 1869 296 1901 nam
309 1869 369 1902 vcra
382 1855 462 1903 rides.

76 1942 126 1990 heu
140 1943 197 2004 <griis
211 1950 235 1989 te
249 1957 322 1990 casus
336 1943 462 1990 deiectam
475 1942 585 2003 coniuge
599 1950 670 1989 tarrto

76 2031 171 2093 excipit
184 2039 229 2077 aut
242 2045 308 2092 quae
321 2031 401 2091 digna
413 2031 474 2078 satis
487 2030 591 2078 fortuna
604 2030 707 2078 revisit?

77 2120 195 2168 Hectoris
209 2119 393 2167 Andromache
406 2119 516 2181 Pyrrhin
530 2119 641 2167 conubia
654 2111 765 2167 servasl'

30 2214 57 2256 20
78 2209 170 2256 deiecit
183 2209 281 2254 voltum
295 2215 320 2255 et
332 2208 442 2255 demissa
454 2222 517 2255 voce
530 2208 650 2256 locutast.

74 2283 100 2345 ’ὀ
114 2297 177 2345 felix
191 2311 244 2343 una
256 2304 315 2344 ante
329 2296 393 2344 alias
406 2296 536 2345 Priameia
548 2297 629 2358 uirgo,

78 2386 198 2434 hostilem
212 2385 244 2432 ad
258 2385 387 2432 tumulum
400 2385 494 2433 Troiae
507 2384 554 2432 snb
567 2385 702 2433 moenibus
716 2385 776 2432 altis

78 2475 148 2522 iussa
160 2474 236 2531 mori,
253 2487 318 2534 qnae
332 2474 436 2521 sortitus
450 2487 503 2521 non
517 2473 621 2534 pertulit
634 2473 702 2520 ullos

78 2577 125 2610 nec
139 2562 241 2610 uictoris
255 2561 309 2610 heri
324 2562 410 2626 tetigit
423 2563 533 2629 captiua
544 2560 649 2612 cubile.

30 2656 54 2696 25
72 2664 120 2696 nos
131 2652 218 2711 patria
230 2651 343 2704 incensa
359 2656 469 2706 diversa
480 2668 534 2719 ner
548 2642 797 2711 aequoraxeom
