1808 2956
305 170 331 210 Ρ.
348 170 468 210 vanans
490 170 620 211 Mauorus

135 326 299 391 Chaoniique
313 328 393 391 patris
405 328 524 390 glandes,
541 328 620 377 etiam
633 329 716 379 ardus
728 330 816 393 palma

134 417 248 465 nascitur
261 423 286 464 et
298 432 372 464 casus
386 416 456 464 abies
469 417 556 464 visura
569 417 692 466 marinos.

135 505 255 553 inseritur
267 520 327 553 vcro
341 514 366 553 et
378 505 451 553 nucis
466 505 571 554 arbutus
585 505 693 555 horrida
705 505 758 555 fetu

83 599 115 644 70
135 602 160 643 et
172 594 271 642 steriles
285 594 383 656 platani
397 596 480 642 malos
493 608 595 655 gessere
608 595 733 655 valentes,

134 691 270 732 castaneae
284 682 358 744 fagus
371 697 500 744 ornusque
513 683 630 731 incanuit
643 683 704 731 albo

134 773 197 820 flore
210 772 259 835 piri
272 771 445 833 glandemque
458 786 516 819 sues
530 771 628 832 fregero
642 772 689 819 sub
703 771 790 821 ulmis.

168 859 222 909 Nec
235 861 327 908 modus
340 860 452 907 inserere
464 866 541 922 atque
554 861 644 908 oculos
662 859 787 923 inponere
803 859 850 908 sim·

436 948 505 1010 plex.

134 1053 195 1086 nam
208 1053 260 1100 qua
272 1052 299 1085 se
312 1037 397 1085 medio
411 1037 518 1084 trudunt
531 1037 562 1086 de
575 1037 671 1086 cortice
683 1052 801 1100 gemmae

83 1131 115 1176 75
136 1134 161 1176 et
174 1127 256 1176 tenuis
270 1134 393 1189 rumpunt
406 1126 515 1184 tunicas,
533 1133 657 1187 augustus
671 1125 697 1174 in
711 1126 770 1190 ipso

134 1216 163 1265 lit
175 1217 245 1264 nodo
258 1216 344 1275 sinus;
360 1216 410 1262 huc
423 1215 510 1263 aliena
522 1229 554 1262 ex
568 1214 659 1262 arbore
671 1229 778 1276 germen

134 1304 272 1353 includunt
285 1307 389 1367 udoque
403 1305 496 1352 docent
509 1304 651 1351 inolescere
665 1303 743 1351 libro.

135 1401 180 1443 aut
192 1409 292 1441 rursum
306 1393 401 1440 enodes
415 1392 498 1440 trunci
511 1398 660 1439 resecantur
673 1398 698 1440 et
711 1392 764 1441 alte

135 1482 240 1531 finditur
253 1482 279 1529 in
292 1481 405 1529 solidum
418 1481 506 1529 cuneis
520 1480 569 1539 via,
585 1480 678 1528 deiude
691 1479 789 1530 feraces

83 1576 115 1618 80
135 1572 240 1633 plautae
252 1570 428 1629 inmittuutur3
444 1585 491 1618 nec
500 1571 724 1630 longumtempus‚
740 1576 766 1618 et
775 1569 853 1630 ingens
890 1582 894 1621 ς

136 1659 188 1708 exit
201 1659 233 1706 ad
249 1660 350 1707 caelum
363 1659 440 1706 ramis
454 1657 571 1706 felicibus
586 1657 669 1705 arbos·

135 1749 293 1810 miraturque
308 1763 386 1795 novas
400 1748 503 1794 frondes
517 1754 542 1794 et
554 1760 607 1793 non
621 1760 668 1792 sua
681 1761 769 1808 poma.

170 1838 307 1885 Praeterea
319 1851 400 1898 genus
415 1835 483 1883 haud
498 1850 578 1882 uuum
595 1849 642 1881 uec
659 1834 769 1883 sortibus
788 1831 854 1882 ulmis

136 1940 183 1974 nec
196 1925 270 1973 salici
284 1925 388 1985 lotoque
403 1938 486 1984 neque
499 1923 584 1971 Idaeis
597 1922 744 1985 cyparissis,

84 2019 115 2062 85
136 2029 183 2062 nec
197 2014 305 2076 pingues
319 2027 397 2059 uuam
410 2012 437 2058 in
450 2012 543 2060 faciem
556 2019 697 2059 nascuntur
710 2011 803 2069 olivae,

136 2103 261 2151 orchades
274 2108 299 2150 et
311 2100 376 2148 radii
391 2107 416 2148 et
428 2115 515 2148 amara
529 2101 620 2163 pausia
633 2099 699 2148 baca

136 2205 265 2254 pomaque
281 2198 306 2238 et
318 2189 423 2238 Alcinoi
437 2190 525 2248 silvae,
541 2204 588 2237 uec
601 2190 719 2237 surculus
732 2189 802 2238 idem

137 2279 291 2329 Crustumiis
305 2277 437 2342 Syriisque
450 2279 512 2340 piris
526 2278 697 2340 gravibusque
710 2276 824 2326 volemis.

136 2384 189 2417 uon
203 2370 294 2417 cadem
306 2367 440 2415 arboribus
454 2368 549 2429 pendet
557 2366 687 2415 vindemia
699 2366 794 2415 uostris

85 2462 117 2504 90
136 2472 214 2520 quam
227 2456 410 2518 Methymnaeo
424 2457 506 2518 carpit
519 2457 550 2503 de
564 2455 669 2518 palmite
683 2455 799 2515 Lesbos;

136 2553 196 2593 suut
208 2544 321 2593 Thasiae
334 2545 406 2604 vites,
421 2552 481 2592 sunt
494 2552 519 2592 et
531 2544 687 2592 Mareotides
701 2543 787 2603 albae,

136 2632 276 2696 pinguibus
289 2632 338 2680 hae
351 2633 424 2681 terris
438 2632 546 2692 habiles,
563 2631 701 2682 levioribus
713 2632 787 2694 illue,
