1808 2956
70 112 131 159 246
310 119 473 158 P.l'ERo1L1
495 119 624 158 nasonis

138 276 210 337 felix,
226 277 277 326 heu
289 275 398 323 nimium
412 275 483 333 felis,
499 275 520 322 si
533 275 611 323 litora
624 282 731 322 tantum-

139 379 282 428 numquam
294 364 444 412 Dardaniae
456 364 601 425 tetigissent
613 371 702 410 nostra
716 359 845 418 carinae'

141 454 206 502 dixit
218 461 244 504 et
256 468 284 502 os
298 453 414 516 inpressa
427 459 484 499 toro
495 442 644 499 ‘moriemur
657 452 768 510 inultae,

68 547 120 591 660
140 544 184 592 sed
197 533 349 591 moriamnr'
364 541 409 590 ait.
433 531 493 598 ‘sic‚
510 540 546 588 sic
559 541 630 587 iuvat
642 540 678 587 ire
692 541 740 587 sub
756 542 867 590 umbras.

139 631 242 679 hauriat
253 630 323 678 hunc
336 629 418 679 oeulis
431 629 518 690 ignem
532 629 642 676 crudelis
656 628 687 675 ab
703 629 757 676 alto

138 719 277 767 Dardanus
291 724 316 766 et
327 725 431 765 nostrae
444 732 531 765 secum
545 717 610 764 ferat
623 717 711 764 omina
723 711 839 766 mortis.'

140 807 248 865 dixerat,
264 813 341 868 atque
354 806 427 854 illam
440 806 525 853 media
538 806 604 853 inter
617 805 680 852 talia
693 804 762 853 ferro

140 896 290 959 conlapsam
303 895 432 957 aspiciunt
445 895 550 942 comites
564 908 703 956 ensemque
717 909 813 944 cruore

69 987 119 1031 665
140 990 302 1046 spumantem
316 997 469 1044 sparsasque
482 997 583 1030 manus.
611 983 631 1029 it
650 983 749 1029 clamor
769 984 802 1031 ad
819 986 871 1033 alta
902 1019 904 1038 2

139 1071 213 1130 atria,
230 1085 382 1139 concussam
396 1071 536 1118 baechatur
549 1070 618 1117 fama
630 1085 676 1132 per
688 1069 788 1129 urbem,
902 1060 904 1070 Α

139 1159 259 1207 lamentis
271 1159 421 1220 gemituque
435 1165 459 1206 et
476 1158 587 1207 femineo
606 1159 707 1205 ululatu

138 1253 207 1295 tecta
219 1246 339 1305 fremunt,
355 1254 459 1296 resonat
471 1248 572 1308 magnis
585 1246 755 1309 plangoribus
769 1250 868 1309 aether,

139 1348 192 1382 non
205 1335 279 1382 aliter
291 1350 370 1397 quam
383 1336 404 1383 si
417 1336 529 1383 inmissis
543 1341 601 1382 ruat
614 1334 730 1382 hostibus
744 1339 831 1385 omnis

68 1425 120 1472 670
139 1423 275 1485 Karthago
289 1429 334 1470 aut
346 1423 453 1486 antiqua
465 1424 547 1485 Tyros
565 1425 735 1485 flammaeque
755 1424 870 1476 furentes
884 1462 885 1467 ,

139 1511 740 1575 culminaperquehominumvolvanturperque
748 1513 868 1563 deorum.

140 1600 222 1647 audiit
234 1601 359 1648 exanimis
373 1601 525 1663 trepidoque
539 1601 660 1648 exterrita
673 1615 749 1648 cursu

138 1688 268 1749 unguibus
282 1703 328 1737 ora
340 1703 413 1736 soror
425 1689 533 1737 foedans
547 1696 572 1736 et
584 1695 689 1750 pectora
702 1691 797 1750 pugnis

139 1790 184 1837 per
197 1776 296 1824 medios
309 1777 403 1825 ruitae
417 1778 568 1826 morientem
581 1777 686 1824 nomine
700 1777 811 1826 clamat:

68 1867 119 1912 675
136 1853 197 1911 ‘hoc
210 1864 284 1921 illud,
299 1879 432 1925 germana,
448 1865 512 1912 fnit?
531 1881 572 1914 me
586 1865 675 1913 fraude
689 1866 814 1928 petebas?

139 1951 189 2000 hoc
202 1966 280 2013 rogus
294 1953 341 2001 iste
353 1953 432 2012 mihi,
448 1953 498 2001 hoc
511 1955 584 2014 ignes
598 1968 710 2015 araeque
723 1956 869 2016 parabant?

140 2038 201 2100 quid
214 2039 327 2102 primum
341 2041 440 2089 deserta
454 2042 562 2103 querar?
581 2042 734 2091 comitemne
752 2058 869 2094 sororem

138 2127 255 2190 sprevisti
269 2128 398 2177 moriens?
417 2129 508 2178 eadem
521 2144 563 2178 me
576 2129 608 2177 ad
622 2129 675 2176 fata
688 2145 823 2181 vocasses:

138 2215 207 2265 idem
220 2216 308 2265 ambas
321 2218 388 2266 ferro
402 2219 478 2267 dolor
490 2226 567 2281 atque
580 2219 670 2266 eadem
678 2218 743 2266 hora
756 2222 866 2271 tulisset.

67 2307 119 2351 680
138 2303 178 2352 his
192 2304 270 2353 etiam
282 2307 363 2355 struxi
376 2307 495 2355 manibus
509 2308 656 2370 patriosque
670 2308 758 2356 vocavi

138 2407 200 2441 voce
214 2394 285 2453 deos,
302 2395 339 2442 sic
352 2401 376 2444 te
389 2403 419 2442 ut
430 2396 514 2457 posita
528 2396 638 2444 crudelis
653 2396 787 2444 abessem?

138 2480 247 2529 extinxti
261 2488 285 2530 te
298 2497 399 2544 meque,
415 2496 496 2540 soror,
512 2484 690 2546 populumque
703 2491 842 2548 patresque

122 2565 254 2620 Sidonios
268 2571 415 2638 urbemque
429 2579 513 2622 tuam.
540 2573 612 2631 date,
624 2572 862 2630 uolneralpmqh‘xs
