1808 2956
247 174 416 216 Gaonelcon
433 177 520 216 LIBER
533 178 572 216 1v.
747 170 800 215 12}

80 340 185 382 eentum
198 347 265 395 quae
277 333 367 392 silvas,
383 341 485 381 eentum
499 348 564 395 quae
577 334 683 382 flumina
695 343 805 383 servent.

79 429 119 470 ter
129 421 232 484 ¹liquido
246 421 378 470 ardentem
391 420 504 485 perfudit
516 428 619 471 nectare
632 424 746 483 Vestam,

32 515 59 559 ³5
79 517 118 558 ter
130 509 235 558 flamma
248 510 280 559 ad
294 525 422 558 summum
434 510 493 558 teeti
508 510 624 558 subiecta
637 512 739 559 reluxit.

79 598 167 647 omine
180 613 232 661 quo
245 599 349 646 firmans
363 599 477 645 animum
490 599 527 646 sie
539 599 631 661 incipit
643 600 707 661 ipsa.

75 678 127 736 ‘est
138 687 165 735 in
180 685 321 749 Carpathio
334 687 445 749 Neptuni
460 688 561 748 gurgite
573 695 652 746 vates,

78 777 212 825 caeruleus
226 775 342 834 Proteus,
357 790 481 836 magnum
494 776 537 837 qui
551 775 663 838 piscibus
677 790 774 839 aequor

79 873 105 914 et
117 865 206 913 iuncto
220 863 342 927 bipedum
355 879 430 912 eurru
443 864 546 912 metitur
559 878 693 927 equorum.

32 958 59 1002 ³0
79 953 123 1002 hie
135 967 205 1001 nune
218 952 352 1001 Emathiae
366 960 454 1016 portus
468 953 630 1016 patriamque
643 954 729 1001 revisit

78 1042 221 1100 Pallenen3
241 1041 310 1089 hune
324 1049 349 1089 et
360 1043 489 1105 nymphae
502 1057 654 1090 veneramur
667 1050 692 1091 et
705 1043 760 1104 ipse

78 1130 240 1192 grandaevos
253 1129 363 1177 Nereus:
385 1131 456 1178 novit
469 1146 580 1193 numque
594 1132 681 1179 emnia
693 1139 763 1178 vetes

79 1233 147 1282 quae
164 1225 238 1276 sunt,
261 1233 327 1280 quue
344 1218 460 1278 fuerunt,
482 1235 548 1281 quae
566 1235 627 1267 mex
639 1228 745 1268 ventura
757 1226 808 1266 tre-

380 1308 475 1355 huntur
484 1325 490 1367 ;

78 1396 177 1458 quippe
190 1395 226 1442 ita
238 1394 357 1457 Neptuno
371 1397 452 1444 visum
466 1404 511 1455 est,
527 1398 643 1445 inmania
656 1397 727 1444 euius

32 1490 58 1535 15
79 1491 198 1533 armenta
210 1490 235 1531 et
248 1484 329 1546 turpis
342 1485 425 1546 pascit
438 1485 484 1532 sub
498 1487 599 1547 gurgite
611 1487 724 1548 phoees:

79 1573 123 1621 hie
136 1573 192 1630 tibi,
208 1580 276 1630 nate,
292 1573 361 1634 prius
374 1574 465 1621 vinclis
482 1575 630 1636 capiendus,
646 1581 675 1621 ut
688 1586 790 1621 omnem

80 1661 203 1724 expediat
214 1660 297 1708 morbi
312 1676 415 1709 causum
429 1669 584 1724 eventusque
598 1663 729 1711 secundet.

79 1764 141 1798 nam
154 1749 209 1798 siue
223 1749 246 1795 vi
260 1763 312 1795 nen
327 1749 381 1796 ullu
395 1751 466 1797 dabit
478 1759 615 1814 praecepta
631 1765 715 1813 neque
733 1749 807 1798 illum

79 1839 181 1886 orando
193 1839 279 1885 flectes
290 1853 296 1895 ;
316 1838 366 1884 vim
380 1839 470 1886 durum
484 1848 509 1887 et
521 1839 624 1887 uincula
637 1847 713 1901 eapte

32 1934 58 1976 to
79 1927 173 1985 teude3
200 1926 252 1974 doli
278 1925 373 1973 circum
396 1927 459 1975 haee
480 1928 581 1975 demum
601 1927 752 1989 frangentur
769 1927 805 1975 in-

382 2030 452 2063 anes.

79 2104 137 2166 ipsa
150 2117 198 2165 ego
212 2111 246 2163 te,
262 2105 360 2152 medios
374 2119 432 2152 eum
445 2105 483 2151 sel
497 2105 643 2154 accenderit
656 2112 749 2162 aestus,

79 2206 139 2240 eum
152 2192 242 2240 sitiunt
255 2193 349 2241 herbae
363 2203 386 2241 et
400 2194 484 2255 pecori
499 2193 550 2240 iam
568 2194 667 2255 gratier
683 2193 806 2252 umbrast,

80 2281 107 2328 in
120 2289 219 2330 secreta
232 2283 299 2330 senis
314 2283 415 2339 dircum,
432 2297 483 2344 que
497 2283 575 2330 fessus
590 2283 621 2330 ab
635 2283 711 2329 undis

80 2385 108 2418 se
120 2370 219 2433 reeipit,
236 2371 312 2418 facile
326 2378 353 2417 ut
366 2384 457 2418 somno
471 2370 623 2432 adgrediare
635 2372 770 2419 iacentem.

32 2464 59 2506 bh
81 2472 169 2506 verum
183 2459 225 2505 ubi
240 2466 385 2520 correptum
403 2459 520 2506 menibus
538 2459 681 2523 vinclisque
699 2458 814 2513 tenebis„

81 2554 135 2594 tum
148 2547 233 2594 variae
246 2547 351 2596 eludent
363 2549 464 2614 speeies
479 2557 560 2616 atque
573 2567 626 2600 era
639 2551 775 2600 terarum·

70 2633 115 2679 det
125 2634 192 2680 enim
206 2635 294 2685 subito
308 2655 353 2689 sus
370 2641 502 2696 horridus
518 2652 643 2711 atraque
653 2637 740 2703 tigris
