1808 2956
31 111 92 158 340
270 118 296 156 P.
313 116 433 155 i'snslni
454 115 586 155 nunonis

99 275 169 323 vocis
182 275 230 322 iter
243 281 397 334 tenuemque
410 272 517 320 inclusit
528 271 656 333 sanguine
669 272 759 321 vitem.

30 369 80 411 535
102 378 211 426 corpora
224 363 304 410 multe
317 362 399 409 virum
412 362 481 409 cirne
493 361 632 423 seniorque
646 359 782 419 Galaesus,

101 452 162 498 dum
175 451 233 514 paci
247 451 361 499 medinm
373 464 400 498 se
413 449 496 508 offert,
512 449 668 497 iustissimus
681 464 751 498 unns

102 540 146 603 qui
160 540 209 587 fuis
222 539 397 601 Ausoniisque
410 538 473 586 olim
487 537 627 585 ditissimus
641 538 726 598 ervis;

102 629 216 691 quinque
228 642 319 690 greges
333 627 371 676 illi
384 626 526 684 balantum,
542 626 623 688 quina
636 627 760 675 redibant

103 723 219 764 armenta
232 723 256 765 et
269 724 363 764 terram
376 723 479 764 eentum
491 713 607 763 vertebat
619 715 724 763 aratris.

31 810 82 852 540
136 806 224 868 Atque
237 819 268 852 en
281 819 325 866 per
338 819 443 866 campos
457 817 541 865 nequo
561 802 623 850 dum
635 803 722 852 Marte
740 817 826 866 gerun-

403 900 452 950 tur,

101 983 221 1045 promissi
235 982 284 1029 dea
296 981 365 1028 faeta
377 988 478 1043 potens,
492 978 537 1026 ubi
550 979 678 1040 sanguiue
691 980 793 1030 bellum

101 1071 194 1118 imbuit
207 1078 232 1118 et
244 1070 342 1131 mimae
356 1069 484 1117 commisit
496 1067 587 1116 funera
600 1082 715 1130 pugnae,

103 1159 197 1206 deserit
209 1157 360 1218 Hesperiam
373 1165 398 1206 et
411 1158 476 1205 eseli
489 1171 613 1205 conversa
625 1171 672 1218 per
685 1172 765 1206 auras

102 1247 229 1294 Iunonem
241 1245 332 1292 victrix
345 1245 448 1294 adfatur
460 1259 523 1293 voce
535 1245 655 1306 superba.

33 1339 83 1382 545
102 1335 152 1391 ‘eu,
169 1333 281 1395 perfecta
294 1333 339 1381 tibi
353 1335 421 1382 bello
436 1334 566 1383 discordia
580 1332 655 1380 tristi.

104 1423 153 1480 die,
169 1423 196 1469 iu
210 1422 350 1470 amicitiam
363 1431 456 1472 coenni
468 1429 494 1472 et
505 1423 610 1471 foedera
622 1422 744 1484 iungunt,

103 1510 313 1572 qnandoquidem
336 1512 455 1559 Ausonio
481 1510 589 1573 respersi
612 1511 743 1572 sanguine
769 1513 834 1561 Teu·

404 1615 469 1648 cros.

103 1686 153 1734 hoc
166 1686 243 1734 etiam
256 1687 296 1734 his
310 1687 420 1745 addam,
442 1696 486 1736 tua
499 1690 520 1736 si
534 1688 597 1736 mihi
610 1694 682 1736 certe
694 1689 833 1737 voluntas:

103 1773 223 1822 finitimas
237 1776 263 1822 iu
277 1775 440 1823 belliferam
453 1777 599 1824 rumoribus
611 1775 688 1824 urbes

33 1866 84 1908 550
104 1863 297 1924 accendamque
310 1865 410 1912 animos
423 1864 508 1911 insnui
522 1865 611 1913 Martis
625 1879 723 1923 amore,

104 1951 217 2012 undique
236 1959 266 1998 ut
284 1952 383 2000 nuxilio
403 1953 521 2012 veniaut;
552 1968 672 2015 spargam
696 1969 772 2003 nrmn
790 1971 836 2019 per

404 2032 499 2101 agros’

104 2132 158 2172 tum
172 2134 262 2174 eontra
273 2128 339 2176 Iuno
349 2119 486 2177 ‘terrorum
500 2137 525 2178 et
537 2130 634 2177 fraudis
647 2130 786 2181 abundest.

103 2221 172 2261 stant
185 2214 246 2263 belli
261 2231 362 2276 causae,
378 2228 509 2280 pugnatur
521 2219 665 2267 comminus
679 2220 769 2280 ermis,

104 2317 170 2362 quae
183 2302 235 2350 fors
249 2305 332 2366 prima
345 2307 416 2354 dedit
428 2307 533 2368 sanguis
546 2321 626 2355 novos
643 2307 737 2356 imbuit
749 2325 834 2358 amne.

33 2395 82 2438 555
104 2391 167 2439 tulin
180 2393 302 2454 coniugia
315 2402 340 2442 et
352 2395 411 2442 talis
425 2394 555 2443 eelebrent
568 2395 724 2458 hymenaeos

104 2480 236 2540 egregium
249 2484 357 2531 Veneris
369 2498 450 2544 genus
464 2490 490 2530 et
502 2498 547 2531 rex
560 2485 615 2546 ipse
627 2484 746 2533 Latinus.

94 2575 120 2618 te
130 2583 214 2634 supet
225 2571 356 2623 aetherias
371 2587 459 2623 errare
471 2572 596 2622 licentius
608 2587 686 2620 nunus
