1808 2956
70 172 128 220 144
306 179 331 218 r.
349 178 469 219 venerer
490 177 620 219 asserus

135 337 229 385 Troiae
242 351 336 385 nomeu
349 337 387 395 iit,
404 336 504 384 diversa
516 350 562 398 per
575 350 689 398 aequora
701 346 788 386 vectos

136 426 200 474 sorte
214 441 260 474 sua
273 426 376 488 Libycis
390 432 528 487 tempestas
542 425 643 487 adpulit
656 427 717 474 oris.

134 515 261 578 sumpius
275 516 386 572 Aeneas,
402 521 489 575 raptos
503 514 547 575 qui
561 528 593 561 cx
606 514 678 562 hoste
692 525 798 577 penates

135 606 216 653 classe
229 603 293 651 veho
307 617 416 660 meeum,
432 602 501 648 fama
514 617 590 664 super
604 602 709 651 aethera
721 612 806 652 notus.

64 697 114 741 380
133 693 236 740 Italiam
250 706 346 754 quaero
360 690 470 752 patriam
483 698 509 738 et
524 705 606 751 genus
624 691 656 739 ab
670 691 730 741 Iove
750 710 862 742 summo.

134 781 172 829 bis
187 782 259 830 denis
272 780 413 842 Phrygium
426 780 564 827 conscendi
579 779 686 827 navibus
700 796 808 844 aequor.

134 878 214 919 matre
228 871 276 918 dea
289 875 448 916 monstrante
461 868 529 916 riam
542 868 603 916 data
616 868 670 916 fata
682 879 785 918 secutus
796 889 802 931 ς

133 961 175 1008 vix
187 966 285 1022 septem
298 958 436 1006 convolsae
449 957 524 1004 undis
537 956 660 1019 Euroque
673 969 819 1021 supersunt.

134 1049 188 1110 ipse
201 1049 313 1109 ignotus,
329 1061 416 1107 egens,
432 1045 530 1107 Libyae
544 1047 645 1094 deserta
658 1062 777 1108 peragro,
845 1076 854 1091 ι

63 1142 113 1185 ³85
132 1137 238 1198 Europa
250 1143 327 1197 atque
340 1135 405 1182 Asia
417 1125 526 1197 pulsus.'
563 1149 610 1183 nec
624 1136 700 1197 plura
713 1145 864 1198 querentem

133 1240 210 1288 passa
222 1225 310 1272 Venus
324 1223 409 1272 medio
422 1223 459 1271 sic
472 1223 593 1271 interfata
605 1224 728 1272 dolorest.

166 1304 300 1375 ‘Quisquis
314 1326 356 1370 es,
378 1311 462 1369 haud,
485 1312 576 1370 credo,
598 1312 694 1360 invisus
709 1314 864 1362 caelestibus

292 1443 303 1465 ,
434 1415 509 1448 auras

132 1491 216 1539 vitalis
230 1489 323 1552 carpis,
339 1489 444 1552 Tyriam
457 1489 501 1551 qui
515 1489 647 1537 adveneris
661 1489 759 1538 urbem.

133 1595 210 1643 perge
222 1580 300 1627 modo
312 1585 389 1640 atque
400 1578 461 1626 hinc
473 1585 497 1625 te
508 1578 612 1639 reginae
624 1579 656 1626 ad
666 1578 856 1642 liminaperser.

62 1673 113 1717 390
133 1683 245 1731 namque
258 1667 304 1716 tibi
317 1668 423 1716 reduces
437 1667 521 1715 socios
535 1667 695 1729 classemque
708 1668 817 1716 relatam

132 1758 223 1806 nuntio
237 1763 262 1805 et
274 1757 300 1804 in
313 1764 396 1805 tutum
409 1756 487 1804 versis
501 1755 666 1818 aquilonibus
681 1763 774 1807 aetam.

132 1847 158 1894 ni
172 1847 265 1895 frustra
278 1846 415 1908 augurium
428 1845 487 1893 vani
501 1846 611 1893 docuere
624 1853 751 1907 parentes.

132 1935 218 1998 aspice
231 1935 270 1983 bis
283 1949 359 1984 senos
372 1935 492 1983 laetantis
506 1934 609 1994 agmine
623 1948 726 1995 cycnos.

133 2023 247 2073 aetheria
260 2038 325 2086 quos
338 2024 412 2086 lapsa
424 2024 502 2086 plaga
514 2023 582 2070 Iovis
595 2023 649 2070 ales
663 2029 752 2084 aperto

61 2117 112 2161 395
132 2112 252 2162 turbabat
264 2113 345 2171 caelo,
361 2127 429 2160 nunc
442 2119 522 2160 terras
536 2111 626 2158 ordine
640 2111 720 2171 longo

132 2207 177 2249 aut
188 2215 280 2264 capere
293 2207 338 2248 aut
350 2208 438 2263 captas
451 2201 503 2247 ianr
517 2200 664 2261 despectare
676 2200 809 2247 videntur:

131 2295 161 2337 ut
171 2290 277 2338 reduces
290 2290 329 2338 illi
343 2290 436 2337 ludunt
448 2287 612 2337 stridentibus
627 2289 675 2335 alis

132 2385 157 2428 et
169 2385 244 2427 coetu
257 2378 360 2426 cinxere
372 2378 462 2440 polum
476 2384 617 2439 cantusque
631 2376 732 2436 dedere,

131 2466 201 2516 haud
214 2466 289 2514 aliter
300 2468 451 2530 puppesque
463 2474 522 2515 tuae
535 2466 667 2528 pubesque
680 2472 781 2514 tuorum

56 2560 112 2601 400
127 2562 290 2618 autpertum
304 2561 374 2605 tenet
386 2562 431 2604 ant
443 2555 520 2620 pleno
534 2555 603 2603 subit
616 2555 682 2601 ostia
694 2555 760 2602 velo.

103 2655 192 2703 We
203 2645 290 2696 modo
304 2653 400 2713 etqua
413 2655 439 2698 te
454 2647 530 2698 ducit
541 2646 585 2695 uia
598 2645 683 2707 dirige
695 2638 825 2704 gressum?
