1808 2956
268 169 436 210 onondlcon
454 172 540 211 Lrsnn
556 174 594 212 lv.
768 167 800 212 ll
812 167 826 213 5

99 340 230 390 quemque
243 326 291 374 sibi
304 333 393 375 tenues
407 335 555 377 nascentem
569 345 696 379 arcessere
710 332 788 393 vitas3

51 420 79 464 25
99 416 201 466 scilicet
213 415 264 463 hue
277 415 349 463 reddi
364 416 456 464 deinde
470 432 500 464 ac
514 417 627 466 resoluta
640 419 727 467 rel'erri

99 504 190 552 omnia
202 518 250 552 nec
263 505 338 551 morti
352 519 407 552 esse
420 505 516 563 locum,
532 506 576 553 sed
590 506 646 553 viva
659 508 745 556 volare

99 591 191 640 sideris
205 591 232 639 in
246 607 380 640 numerum
394 600 471 654 atque
484 594 537 641 alto
551 595 688 643 succedere
703 598 784 645 caelo.

135 679 271 744 Siquando
284 682 370 729 sedern
385 689 521 742 augustam
534 690 684 745 servataque
699 685 777 733 mella

99 770 227 818 thesauris
240 770 343 825 relines‚
359 771 429 832 prius
443 771 536 817 haustu
550 786 652 833 sparsus
667 788 792 835 aquarum

48 864 81 906 :30
100 875 146 907 ora
158 858 216 906 lore
229 857 365 920 fumosque
378 874 457 906 mann
470 861 609 921 praetende
621 861 747 922 sequacis.

99 946 137 995 bis
150 947 271 1009 gravidos
284 955 381 1009 cogunt
396 948 471 1005 fetus,
488 948 539 994 duo
553 955 669 1010 tempora
681 949 780 1003 messis,

98 1035 214 1098 Taygete
226 1035 303 1084 simul
316 1051 345 1083 os
358 1037 431 1084 terris
445 1036 556 1084 ostendit
568 1036 705 1084 honestum

99 1123 165 1186 pllas
179 1131 205 1172 et
217 1122 315 1173 Oceani
329 1132 427 1187 spretos
441 1125 506 1187 pede
519 1126 631 1186 reppulit
644 1126 735 1183 amnis,

100 1219 145 1260 aut
156 1212 248 1261 eadem
261 1213 331 1261 sidus
345 1212 445 1274 fugiens
458 1212 502 1259 ubi
516 1213 592 1274 piscis
607 1214 697 1276 aquosi

51 1305 80 1348 ³5
100 1301 197 1349 tristior
208 1301 329 1350 hibernas
344 1303 416 1349 eaelo
431 1301 563 1349 descendit
575 1302 601 1347 in
615 1302 706 1349 undas.

99 1389 151 1438 illis
164 1390 204 1438 ira
216 1390 322 1437 modurn
335 1405 412 1452 supra
426 1396 463 1437 est
476 1390 613 1452 laesaeque
625 1405 751 1438 vencnum

99 1478 227 1526 morsibus
241 1477 368 1540 inspirant
380 1485 405 1526 et
417 1479 517 1540 spicula
530 1494 607 1526 caeca
620 1479 746 1526 relincunt

99 1567 200 1616 adfixae
213 1567 283 1615 vonis
298 1567 448 1629 animasque
461 1567 487 1613 in
501 1568 605 1614 volnere
618 1576 725 1628 ponunt.

98 1656 138 1703 sin
153 1656 244 1704 alaram
256 1662 353 1704 metues
367 1655 478 1704 hiemem
492 1670 633 1717 parcesque
647 1655 732 1700 futuro

48 1750 79 1792 40
100 1750 291 1807 contunsosque
305 1744 405 1792 animos
420 1752 445 1792 et
458 1759 497 1792 res
511 1742 665 1790 miserabere
679 1743 780 1791 l'ractas.

100 1840 126 1881 at
138 1833 225 1881 suffire
238 1833 326 1896 thymo
340 1848 463 1894 cerasque
477 1833 589 1880 recidere
602 1832 691 1879 inanes

99 1923 157 1984 quis
171 1921 287 1970 dubitet?
306 1937 367 1970 nam
380 1936 456 1982 saepe
470 1921 540 1968 favos
553 1921 657 1981 ignotus
671 1920 755 1967 adedit

100 2011 176 2060 stelio
189 2017 214 2058 et
227 2011 347 2072 lucifugis
361 2017 484 2071 congesta
497 2009 593 2057 cubilia
605 2008 692 2055 blattis

100 2100 272 2162 immunisque
286 2100 376 2147 sedens
390 2099 476 2147 aliena
490 2099 521 2146 ad
535 2097 631 2160 pabula
644 2096 725 2146 silens,

49 2195 78 2237 45
100 2197 146 2236 ant-
158 2202 233 2250 asper
246 2187 336 2235 crabro
350 2188 483 2249 inparibus
497 2202 523 2234 se
537 2185 667 2232 inmiscuit
680 2183 757 2231 armis

101 2284 146 2325 aaut
158 2277 243 2323 dirum
256 2277 334 2324 tiniae
347 2291 436 2337 gertus,
453 2283 497 2323 aut
510 2275 591 2321 invisa
604 2272 734 2319 Minervae

101 2367 176 2413 laxos
190 2366 216 2412 in
229 2365 327 2412 foribus
340 2364 473 2426 suspendit
487 2377 581 2410 aranea
594 2375 686 2408 casses.

101 2470 153 2516 quo
167 2454 250 2514 magis
264 2454 404 2501 exhaustae
417 2453 520 2501 luerint.
536 2451 585 2496 hoc
599 2449 682 2496 acrius
696 2462 786 2494 omues

102 2541 251 2591 incumbent
260 2543 363 2600 generis
376 2541 444 2606 lapsi
458 2542 557 2592 sarcire
571 2541 667 2590 ruinas

49 2638 75 2676 50
92 2628 301 2691 conplebuntque
314 2631 388 2682 l'oros
404 2642 432 2684 et
446 2636 561 2687 lloribus
575 2636 687 2686 norrea
696 2630 808 2678 tornent-

669 2708 712 2766 Sit
