1808 2956
350 144 470 185 ECLOGA
488 145 530 186 111.
800 137 834 184 ll

111 317 190 365 quem
202 316 261 349 mea
274 302 430 350 carminibus
442 304 577 352 meruisset
589 304 675 352 fistula
689 304 812 367 caprum?

111 392 132 439 si
147 391 240 449 neseis,
256 404 327 437 meus
341 391 385 438 ille
399 406 475 454 caper
487 393 552 451 suit;
573 394 674 441 etmihi
687 393 792 441 Damon

111 481 167 542 ipse
181 479 324 538 fatebatur,
344 480 388 526 sed
402 481 508 529 reddere
521 497 597 544 posse
610 481 730 543 negabat.

57 574 90 616 25
111 583 140 615 m.
164 566 301 616 Cantando
320 575 347 614 tu
366 568 459 615 illum?
484 577 529 617 aut
546 585 669 632 umquam
689 569 734 617 tibi
754 569 841 617 fistula

415 671 474 705 cera

111 745 202 791 iuncta
214 743 279 792 fuit?
292 760 344 792 non
359 747 425 793 tuin
438 745 528 804 triviis,
544 745 656 805 indocte,
672 746 775 795 solebas

111 833 230 880 stridenti
244 833 365 880 miserum
378 835 474 897 stipula
488 834 635 897 disperdere
649 836 770 883 carmen?

112 937 140 968 n.
161 921 209 968 Vis
221 935 291 982 ergo,
307 922 373 970 inter
385 938 432 970 nos
444 923 506 984 qnid
518 924 600 985 possit
611 931 718 987 uterque
729 924 841 972 vicissim

113 1010 294 1071 experiamur?
314 1025 361 1072 ego
375 1011 442 1059 hanc
455 1011 561 1059 vitulam
575 1011 618 1073 (ne
632 1012 697 1060 forte
710 1027 821 1071 recuses,

57 1104 92 1146 30
113 1098 153 1145 bis
166 1099 235 1145 venit
249 1099 280 1145 ad
294 1101 438 1158 mulctram,
454 1099 528 1148 binos
542 1101 587 1148 alit
600 1100 678 1148 ubere
691 1100 769 1164 setus)

113 1187 232 1249 depono:
254 1195 280 1234 tu
295 1188 344 1246 dic,
360 1203 461 1236 meeum
474 1203 525 1250 quo
538 1189 647 1251 pignore
661 1200 751 1237 certes.

113 1291 142 1321 m.
164 1274 289 1337 chrege
296 1291 348 1322 non
357 1277 439 1323 ausim
447 1277 586 1338 quicquam
599 1278 728 1339 deponere
741 1285 839 1325 tecum:

113 1371 153 1411 est
165 1364 228 1411 mihi
241 1377 353 1426 namque
367 1365 435 1412 domi
450 1371 536 1427 pater,
558 1373 595 1413 est
613 1366 708 1413 iniusta
720 1381 839 1423 noverca,

113 1452 205 1514 bisque
219 1453 260 1500 die
273 1462 409 1500 numerant
422 1453 497 1500 ambo
510 1469 601 1517 pecus,
619 1455 682 1502 altor
695 1461 720 1502 et
732 1454 838 1502 haedos.

58 1547 91 1588 35
113 1555 210 1599 verum,
226 1541 252 1588 id
266 1542 334 1602 quod
348 1542 429 1589 multo
443 1549 496 1590 tute
509 1543 564 1604 ipse
577 1543 688 1590 fatebere
701 1543 784 1589 maius

114 1628 239 1691 (insanire
252 1630 315 1678 libet
328 1631 451 1692 quonium
464 1630 531 1693 tibi),
547 1631 642 1693 pocula
654 1646 750 1693 ponam

113 1717 211 1778 sagina,
228 1719 354 1766 caelatum
368 1719 446 1766 divini
460 1734 525 1781 opus
539 1719 744 1778 Alcinrcdontis;

114 1806 185 1853 lenta
198 1806 290 1868 quibus
304 1816 378 1855 torno
393 1808 462 1855 facili
476 1807 643 1869 superaddita
656 1808 712 1855 vitis

114 1894 222 1942 diffusos
235 1895 330 1943 hedera
342 1896 416 1943 vestit
428 1897 541 1958 pallente
555 1895 698 1957 corymbos.

60 1988 93 2030 40
114 1983 141 2029 in
154 1983 240 2031 medio
254 1984 305 2031 duo
319 1984 402 2044 signa,
419 1983 512 2032 Conon
526 1992 550 2031 et
563 2011 597 2018 —
611 1983 667 2045 quis
682 1983 729 2029 suit
743 1985 815 2042 alter,

114 2071 250 2134 descripsit
263 2073 335 2120 radio
349 2079 432 2119 totum
445 2072 489 2134 qui
502 2071 621 2133 gentibus
636 2072 733 2130 orbem,

114 2167 232 2222 tempora
244 2175 310 2222 quae
322 2175 427 2218 messor,
443 2174 509 2222 quae
522 2174 612 2207 curvos
625 2166 711 2206 erutor
720 2160 842 2208 haberet?

113 2248 226 2295 necdum
238 2249 290 2296 illis
303 2249 376 2296 labra
389 2248 501 2305 admovi,
517 2249 560 2295 sed
575 2248 680 2294 condita
693 2262 774 2294 servo.

113 2351 142 2381 o.
164 2335 197 2381 Et
208 2336 283 2383 nobis
296 2337 365 2384 idem
377 2336 533 2382 Alcimedon
547 2336 598 2381 duo
612 2335 706 2396 pocula
720 2335 788 2392 fecit,

59 2427 93 2468 45
114 2429 141 2469 et
153 2422 226 2468 molli
240 2422 336 2468 circum
349 2430 387 2468 est
400 2437 475 2468 ansas
489 2422 622 2481 amplexus
637 2422 756 2477 rteuutho,

114 2507 272 2568 Orpheaque
285 2507 312 2553 in
325 2507 411 2553 medio
424 2508 510 2568 posuit
523 2507 651 2566 silvasque
665 2506 794 2565 sequentis
805 2520 811 2558 ς

114 2594 228 2640 necdum
240 2593 291 2640 illis
304 2594 377 2640 labra
390 2594 503 2653 admovi,
517 2593 565 2642 sed
579 2593 695 2642 condxta
704 2602 802 2637 serron
