1808 2956
281 199 428 238 taurinos
445 199 531 238 urana
548 200 579 238 x.
763 191 822 239 443

98 355 216 403 turbidus
229 356 372 417 ingreditur
385 370 486 419 campo,
503 371 581 418 quam
593 371 702 418 magnus
717 355 807 416 Orion,
816 362 822 402 .'

98 460 157 492 cum
170 446 247 506 pedes
261 445 358 494 incedit
370 446 448 493 medii
461 459 507 507 per
519 445 634 492 maxima
645 444 720 493 Nerei

50 537 77 579 55
98 540 190 594 stagna
203 534 271 580 viam
284 534 413 592 scindens,
429 548 517 582 umero
531 533 704 595 supereminet
716 535 799 583 undas

98 628 150 680 aut,
167 623 272 670 summis
286 622 398 670 referens
412 637 538 670 annosam
550 621 680 669 montibus
694 636 795 682 ornum,

98 710 295 773 ingrediturque
307 712 363 759 solo
378 717 403 759 et
416 717 493 772 caput
505 710 572 758 inter
584 710 674 758 nubila
688 711 791 771 condit3

99 799 157 847 talis
171 814 198 847 se
211 800 289 847 vastis
302 799 380 847 infert
390 799 532 847 Mezentius
545 800 632 847 armis.

99 887 158 935 huic
172 895 262 936 contra
274 889 385 947 Aeneas,
401 887 547 951 speculatus
561 888 587 934 in
601 887 705 949 agmine
718 888 807 950 longo,

50 981 79 1024 70
99 976 187 1024 obvius
201 977 238 1026 ire
252 985 334 1040 parat.
362 985 450 1025 manet
461 977 639 1039 inperterritus
653 976 706 1034 ille,

99 1065 198 1114 hostem
212 1066 408 1127 magnanimum
421 1065 557 1129 opperiens
570 1072 596 1114 et
608 1066 676 1113 mole
689 1079 735 1112 sua
748 1070 814 1124 stat3

100 1160 176 1215 atque
190 1155 270 1202 oculis
279 1155 390 1218 spatium
398 1169 516 1203 emensus
525 1162 648 1217 quantum
656 1153 718 1202 satis
726 1152 825 1212 hastae,

96 1230 199 1290 ‘dextra
211 1243 273 1291 mihi
287 1245 349 1292 deus
365 1250 389 1292 et
401 1244 481 1292 telum
495 1243 564 1306 quod
577 1243 674 1291 missile
688 1241 756 1290 libro

100 1345 168 1378 nunc
181 1332 273 1380 adsint.
302 1347 380 1380 voveo
394 1333 533 1395 praedonis
547 1347 654 1395 corpore
666 1331 746 1394 raptis

50 1422 80 1467 :5
100 1419 219 1467 indutum
233 1420 322 1483 spoliis
335 1421 421 1482 ipsum
434 1427 467 1480 te,
482 1420 576 1479 Lause,
593 1426 727 1483 tropaeum

99 1501 223 1556 Aeneae'
249 1508 315 1555 dixit
326 1509 527 1570 stridentemque
540 1509 639 1556 eminus
656 1508 757 1557 hastam

100 1594 167 1652 iecit,
184 1602 211 1642 at
222 1595 270 1643 illa
282 1597 371 1644 volans
385 1597 468 1658 clipeo
482 1601 521 1643 est
533 1610 641 1644 excussa
653 1597 796 1658 proculque

101 1683 233 1743 egregium
246 1683 363 1731 Antoren
377 1684 443 1731 latus
456 1683 523 1731 inter
537 1689 562 1731 et
573 1683 619 1731 ilia
632 1683 696 1744 tigit,

101 1769 217 1817 Herculis
231 1771 348 1819 Antoren
362 1771 491 1829 comitem,
507 1771 551 1833 qui
564 1771 656 1818 missus
669 1771 701 1819 ab
715 1770 793 1832 Argis

50 1865 80 1908 80
100 1859 218 1907 haeserat
230 1859 353 1907 Euandro
367 1866 444 1922 atque
456 1859 524 1908 Itala
537 1859 689 1908 consederat
701 1859 772 1908 urbe.

99 1948 221 1996 sternitur
233 1947 324 1995 infelix
337 1949 423 1996 alieno
436 1949 540 1996 volnere
554 1948 706 2011 caelumque

99 2037 192 2100 aspicit
204 2044 229 2085 ct
243 2036 324 2084 dulcis
338 2037 450 2086 moriens
463 2037 636 2086 reminiscitur
648 2039 743 2100 Argos.

100 2133 154 2174 tum
167 2127 224 2189 pius
238 2126 341 2173 Aeneas
354 2125 455 2174 hastam
468 2126 543 2175 iacit:
564 2127 611 2174 illa
623 2142 669 2190 per
682 2127 770 2177 orbem

101 2229 158 2262 acre
172 2230 261 2262 cavom
275 2214 379 2276 triplici,
394 2229 440 2277 per
452 2215 521 2263 linea
535 2222 607 2277 terga
619 2215 751 2278 tribusque

50 2307 79 2349 85
100 2303 191 2350 transit
203 2304 330 2351 intextum
344 2303 424 2351 tauris
438 2317 502 2366 opus
516 2304 620 2366 imaque
633 2305 699 2353 sedit

101 2390 222 2451 inguine3
243 2391 287 2440 sed
301 2392 360 2439 viris
373 2391 442 2440 haud
456 2392 569 2454 pertulit.
597 2393 668 2443 ocius
682 2407 771 2441 ensem

100 2480 211 2537 Aeneas,
227 2480 280 2528 viso
295 2480 420 2542 Tyrrheni
433 2481 560 2543 sanguine
573 2482 665 2540 laetus,

100 2568 175 2630 eripit
188 2584 203 2615 a
216 2569 310 2617 femine
323 2576 348 2618 et
360 2570 499 2633 trepidanti
513 2570 625 2618 fervidus
636 2570 732 2616 instat.

96 2656 224 2717 ingemuit
236 2658 289 2707 cari
300 2660 418 2722 graviter
433 2660 566 2727 genitoris
584 2669 695 2710 amores
