1808 2956
66 169 103 217 80
303 176 329 214 Ρ.
347 175 469 215 vnnornr
489 173 621 213 nnnours

134 334 240 383 flumina
252 347 337 381 amem
349 332 477 394 silvasque
490 331 628 393 inglorius.
656 347 672 380 o
684 332 730 380 ubi
744 330 821 394 cantpi

135 422 330 486 Spercheosque
344 428 370 469 et
381 420 524 483 uirginibus
537 419 664 468 bacchata
677 421 801 470 Lacaenis

134 513 259 575 Taygeta,
276 526 291 558 o
305 511 348 574 qui
363 525 403 558 me
416 510 509 572 gelidis
522 510 685 558 convallibus
698 509 788 559 Haemi

135 602 208 651 sistat
221 609 246 650 et
258 600 356 662 ingenti
369 613 500 647 ramorum
512 606 632 662 protegat
644 599 753 647 umbral

66 697 116 740 490
136 691 199 740 felix
212 690 255 753 qui
269 688 354 752 potnit
366 703 450 736 rerum
464 702 621 750 cognoscere
634 703 726 737 causas

136 788 213 843 atquc
226 785 308 827 metus
322 777 406 825 omnis
420 785 445 824 et
457 776 618 825 inexorabile
632 776 715 824 fatum

136 869 244 917 subiecit
256 867 364 930 pedibus
377 867 563 928 strepitumque
576 865 733 914 Acherontis
747 865 821 915 avari.

137 958 282 1005 fortunatus
296 964 321 1004 ct
332 956 385 1014 ille,
402 956 464 1004 deos
478 955 522 1017 qui
535 955 607 1002 novit
619 963 742 1016 agrestes,

137 1047 260 1108 Panaque
268 1044 453 1106 Silvanumque
466 1059 553 1092 senem
565 1044 745 1106 nymphasque
756 1054 855 1092 sorores·
889 1031 894 1071 ς’

69 1141 118 1184 495
138 1135 211 1183 illum
225 1149 277 1181 non
291 1133 381 1196 populi
394 1133 486 1192 fasces,
501 1147 554 1179 non
567 1147 682 1195 purpura
695 1147 787 1195 regum

138 1224 208 1272 flexit
221 1230 246 1272 et
258 1223 352 1272 infidos
366 1221 467 1282 agitans
481 1221 611 1269 discordia
623 1221 715 1270 fratres

139 1321 183 1360 ant
196 1313 330 1361 coniurato
344 1311 502 1360 descendens
514 1310 602 1358 Dacus
616 1309 648 1357 ab
662 1309 761 1368 Histro,

139 1416 192 1449 non
205 1417 244 1449 res
257 1401 390 1449 Romanae
403 1400 567 1463 perituraque
581 1413 670 1460 regna,
686 1414 772 1462 neque
783 1399 826 1447 ille

140 1499 185 1538 aut
198 1490 281 1537 doluit
294 1490 418 1537 miserans
431 1489 536 1550 inopem
549 1495 594 1535 aut
606 1487 698 1535 invidit
711 1487 824 1536 habenti.

71 1585 121 1627 500
141 1593 206 1641 quos
219 1578 284 1625 rami
297 1579 402 1637 fruetus,
419 1592 484 1640 quos
497 1577 554 1639 ipsa
567 1576 681 1625 volentia
693 1591 754 1624 rura

140 1675 231 1730 sponte
246 1669 327 1716 tulere
339 1682 394 1725 sua,
411 1666 514 1728 carpsit,
531 1680 578 1713 nec
591 1665 674 1713 ferrea
686 1664 744 1713 iura

140 1757 312 1818 insanumque
326 1756 411 1803 sorum
424 1762 468 1802 aut
480 1753 569 1816 populi
583 1753 713 1801 tabularia
726 1754 797 1802 vidit.

141 1846 283 1894 sollicitant
295 1846 339 1893 alii
353 1844 430 1893 remis
443 1843 508 1891 freta
521 1857 607 1900 caeca,
623 1848 753 1904 ruuntque
818 1888 823 1905 ,

140 1936 167 1982 in
181 1935 285 1993 serrum,
300 1940 437 1997 penetrant
450 1932 523 1979 aulas
537 1937 562 1979 et
575 1931 667 1978 limina
679 1945 788 1993 regnm3

72 2030 121 2072 505
141 2025 183 2072 hic
196 2024 262 2087 petit
273 2021 381 2071 excidiis
394 2021 484 2069 urbem
497 2020 657 2082 miserosque
670 2027 787 2082 penates,

141 2119 170 2161 ut
182 2126 284 2174 gemma
297 2111 369 2158 bibat
382 2116 407 2158 et
419 2109 532 2159 Sarrano
546 2111 658 2159 dormiat
671 2118 759 2171 ostro;

142 2201 231 2250 condit
243 2215 305 2263 opes
318 2200 384 2248 alius
398 2199 552 2263 defossoque
565 2200 671 2248 incubat
684 2214 765 2258 aur03

142 2290 184 2338 hic
197 2297 283 2352 stupet
295 2290 419 2337 attonitus
432 2289 535 2348 rostris3
556 2290 626 2338 hunc
638 2290 745 2352 plausus
758 2289 864 2337 hiantem

142 2393 290 2442 percuneos
305 2378 462 2441 (geminatus
476 2370 545 2426 enim
558 2378 694 2441 plebisque
707 2369 863 2441 patrumque)

74 2473 123 2516 510
143 2467 282 2530 corripuit;
302 2469 418 2529 gaudent
429 2468 526 2531 perfusi
539 2468 665 2530 sanguine
679 2466 789 2516 fratrum

143 2556 274 2618 exilioque
287 2557 378 2604 domos
391 2563 418 2604 et
430 2557 517 2605 dulcia
529 2557 621 2606 limina
633 2563 736 2604 mutant

144 2651 222 2708 atque
235 2645 287 2693 alio
300 2645 411 2708 patriam
424 2652 553 2708 quaerunt
564 2645 611 2694 sub
625 2645 681 2694 sole
693 2645 830 2695 iacentem.
