1808 2956
61 171 119 218 148
297 180 322 218 P.
340 179 461 218 vunnim
482 179 612 217 atanoxrs

120 336 277 400 ‚suppliciter
290 336 373 384 tristes
386 345 411 384 et
424 344 514 383 tunsae
527 346 633 398 pectora
646 337 756 398 palmis3

127 426 186 474 <lira
198 426 254 473 solo
268 425 333 472 fixos
347 425 437 473 oeulos
451 440 539 473 aversa
553 426 663 472 tenebat.

126 523 164 563 ter
177 515 273 562 eireum
286 514 380 562 Iliacos
394 519 539 576 raptaverat
552 513 665 560 Hoetu-a
677 529 764 562 muros

127 606 327 666 exanimumque
341 617 403 650 auro
418 611 510 664 eorpus
524 602 651 649 vendebat
664 603 792 651 Aeltilles.

56 701 106 742 485
128 703 181 742 tum
194 709 253 742 vero
267 694 398 754 ingentem
411 692 535 752 gemitum
550 692 592 738 dat
607 699 709 752 pectore
724 692 754 738 alr
769 693 814 739 im(

128 792 155 832 ut
167 771 260 846 spolia,
277 791 304 830 ut
317 796 414 839 currus,
431 788 510 842 utque
523 780 606 841 ipsum
621 795 714 841 eorpus
728 781 805 827 amiei

128 873 326 933 tendentemque
339 885 431 918 manus
443 869 574 916 Priamum
588 870 723 930 conspexit
736 869 814 916 iaerm

127 977 154 1009 se
166 959 436 1023 quoquepriueipibus
445 958 601 1020 permixtum
609 958 814 1017 adgnovitllehir

129 1064 240 1110 eoasque
253 1049 321 1096 acies
335 1055 359 1096 et
372 1048 439 1108 nigri
452 1047 597 1094 Memnonis
614 1061 693 1093 arma.

58 1144 108 1186 490
127 1139 197 1185 ducit
210 1137 401 1184 Amazonidum
415 1136 510 1182 lunatis
524 1136 630 1196 agtmna
645 1135 720 1197 peltis

128 1226 292 1274 Penthesilea
305 1225 391 1272 furens
405 1225 549 1286 mediisque
562 1225 588 1271 in
602 1223 706 1271 milibus
720 1225 801 1273 ardet.

129 1329 208 1363 aurea
220 1314 373 1362 subnectens
387 1321 489 1361 exertae
503 1314 608 1374 cingula
621 1328 757 1371 mammae,

129 1404 258 1461 bellatrix,
275 1403 403 1464 audetque
416 1402 475 1448 viris
490 1416 640 1449 concurrere
654 1403 735 1463 virgo.

165 1492 235 1540 Haec
250 1492 310 1539 dum
322 1491 456 1538 Dardanio
470 1491 575 1538 Aeneae
593 1491 712 1537 miramla
728 1491 814 1538 vident

59 1587 108 1630 495
130 1583 191 1629 dum
203 1588 289 1643 stupet
302 1588 444 1643 optutuquo
457 1580 545 1627 haeret
559 1581 656 1626 detixus
671 1580 697 1625 iu
711 1594 772 1637 uno,

129 1670 219 1731 regina
232 1670 264 1718 ad
278 1671 412 1732 templum,
428 1669 511 1716 forma
524 1669 698 1730 pulcherrima
710 1669 790 1724 Indo,

128 1759 241 1818 incessit,
258 1773 353 1819 magna
366 1759 486 1806 imenum
500 1759 611 1819 stipante
626 1766 736 1805 caterva.

130 1849 214 1911 qualis
228 1849 254 1896 iu
267 1849 379 1895 Eurotae
393 1848 454 1909 ripis
468 1855 512 1894 aut
526 1862 571 1909 per
584 1847 645 1907 iuga
659 1845 753 1907 Cynthi

130 1946 231 1985 exercet
244 1938 331 1985 Diana
345 1937 446 1987 choros,
463 1951 539 1998 (piram
553 1935 624 1982 mille
638 1943 740 1982 secutae

60 2030 110 2073 500
130 2025 190 2074 hine
204 2034 280 2088 atque
294 2026 354 2073 hine
367 2026 543 2087 glomerantur
562 2025 684 2081 oreades3
704 2024 750 2071 illa
768 2024 814 2086 pla

431 2123 497 2161 tram

129 2203 178 2251 fert
190 2219 279 2252 umero
292 2204 465 2265 gradiensque
479 2203 539 2250 deas
552 2203 726 2264 supereminet
739 2204 814 2249 omui

129 2291 245 2341 Latonae
258 2294 365 2340 tacitum
378 2299 550 2354 pertemptant
562 2292 659 2352 gaudia
672 2299 773 2354 peetus:

129 2382 188 2429 talis
202 2390 257 2430 erat
269 2381 348 2439 Dido,
365 2381 443 2428 talem
457 2395 484 2428 se
497 2382 565 2428 laeta
578 2381 676 2428 serebat

130 2486 175 2533 per
187 2471 296 2528 medios,
312 2470 410 2517 instans
425 2470 496 2532 operi
510 2470 647 2531 regnisque
661 2470 760 2517 futuris.

55 2563 109 2606 505
128 2566 182 2607 tum
196 2559 295 2607 foribus
309 2559 391 2618 dirae,
407 2559 492 2607 media
505 2559 632 2606 testudine
646 2560 743 2620 templi,

104 2653 201 2706 saepta
215 2649 300 2698 armis
312 2651 437 2717 solioque
453 2651 505 2702 alte
520 2649 637 2700 sauatxa
649 2648 754 2698 resedit.
