1808 2956
68 187 128 235 488
305 195 331 233 r.
348 193 470 233 venetur
490 191 623 232 ussurus

136 358 161 400 et
173 366 229 411 me,
250 350 353 410 Turne,
374 354 494 398 manent:
515 348 593 396 simul
612 347 679 398 haec
697 349 784 399 invisa
795 350 859 400 reliu-

437 451 515 500 quam

136 528 236 577 lumina
248 541 295 576 uec
307 541 430 588 generum
443 526 551 574 Aenean
565 524 667 587 captiva
680 519 798 576 videbo.³
883 584 884 592 ἵ

136 617 236 680 accepit
248 630 336 664 vocem
350 614 464 663 lacrimis
476 613 587 660 Lavinia
598 613 690 662 matris

84 709 115 753 65
135 705 267 767 flagrantis
281 703 384 767 perfusa
395 717 485 764 genas,
500 701 541 750 cui
554 701 684 764 plurimus
698 703 790 764 ignem

135 793 244 842 subiecit
256 792 334 840 rubor
347 798 372 840 et
385 790 511 840 calefacta
524 804 569 853 per
582 805 629 838 ora
641 791 768 839 cucurrit.

135 880 228 928 Indum
241 881 385 943 sanguineo
398 880 476 927 veluti
489 879 623 926 violaverit
635 885 708 927 ostro

135 970 215 1032 siquis
229 970 292 1018 ebur
305 976 350 1016 aut
361 968 443 1016 mixta
456 968 548 1015 rubent
560 967 605 1014 ubi
618 967 676 1015 lilia
690 969 777 1016 multa

136 1057 196 1105 alba
209 1073 276 1116 rosa,
292 1058 352 1105 talis
365 1057 437 1118 virgo
451 1055 529 1105 dabat
542 1069 586 1103 ore
599 1056 711 1104 colores.

84 1149 116 1195 70
136 1146 210 1193 illum
223 1145 310 1194 turbat
322 1160 403 1204 amor,
420 1145 527 1207 figitque
540 1144 566 1190 in
580 1143 680 1205 virgine
695 1146 791 1193 voltus.

136 1234 208 1282 ardet
220 1235 247 1281 in
261 1249 333 1282 arma
345 1234 428 1294 inagis
441 1234 581 1296 paucisque
595 1232 699 1280 adfatur
712 1235 841 1282 Amatam.

134 1323 184 1381 ‘nc,
200 1337 305 1384 quaeso,
321 1336 353 1370 ne
366 1336 406 1369 me
420 1321 533 1370 lacrimis
547 1335 609 1368 neve
623 1321 712 1370 omine
725 1330 800 1372 tanto

136 1423 291 1474 prosequere
304 1410 331 1457 in
345 1410 401 1457 duri
416 1411 558 1458 certamina
570 1409 660 1457 Martis
675 1419 789 1470 euntem,

136 1514 151 1546 o
166 1506 261 1547 mater:
284 1513 367 1561 ncque
381 1499 450 1546 enim
462 1499 551 1546 Trrruo
565 1512 638 1544 mora
652 1498 736 1546 libera
749 1500 844 1547 mortis.

85 1592 116 1636 75
136 1588 241 1635 nuntius
254 1587 319 1635 haec
332 1587 426 1635 Idmon
439 1587 552 1649 Phrygio
566 1600 624 1633 mea
637 1586 708 1634 dicta
722 1595 830 1650 tyranno

135 1676 205 1724 haud
224 1677 351 1740 placitura
368 1676 449 1725 refer:
471 1675 654 1737 cumprimum
668 1677 783 1725 crastina
796 1676 860 1726 caelo

136 1766 252 1828 puniceis
265 1765 365 1814 invecta
378 1765 440 1813 rotis
454 1765 557 1813 Aurora
569 1763 679 1821 rubebit,

137 1867 189 1900 non
202 1853 316 1902 Teucros
329 1862 390 1916 agat
402 1854 428 1901 in
436 1854 562 1911 Rutulos3
582 1852 713 1900 Teucrum
727 1858 801 1902 arma
814 1854 862 1918 qui·

437 1949 526 1990 escant

137 2038 162 2079 oi·
174 2031 278 2079 Rutuli:
301 2039 388 2079 nostro
402 2032 550 2078 dirimamus
564 2031 690 2091 sanguiue
704 2030 820 2091 bellum3

84 2124 118 2168 80
137 2119 183 2167 illo
196 2127 335 2182 quaeratur
347 2120 461 2168 coniunx
475 2119 583 2167 Lavinia
596 2111 709 2181 campo.'

172 2207 243 2257 Haec
262 2209 305 2256 ubi
326 2208 395 2256 dicta
414 2208 498 2267 dedit,
523 2208 681 2271 rapidusque
701 2208 727 2255 in
749 2218 818 2259 tecta
830 2223 864 2257 re·

438 2297 521 2355 cessit,

137 2385 219 2448 poscit
232 2400 312 2448 equos
325 2386 473 2447 gaudetque
485 2392 559 2433 tuens
573 2391 632 2432 ante
645 2399 692 2432 ora
705 2385 847 2443 frementis,

136 2474 257 2522 Pilumno
271 2490 336 2537 quos
350 2475 405 2537 ipsa
419 2475 496 2523 dccus
510 2475 580 2522 dedit
593 2474 721 2536 Orithyia,

137 2563 181 2626 qui
195 2563 307 2611 candore
320 2564 390 2611 nives
403 2563 538 2621 anteirent,
555 2562 670 2611 cursibus
684 2578 770 2612 auras.

74 2658 107 2704 85
129 2655 306 2706 circumstant
319 2653 428 2722 properi
440 2651 550 2713 aurigae
561 2649 736 2707 manibusque
742 2651 876 2699 assensum.
