1808 2956
339 308 365 348 P.
387 307 506 347 vanum
522 305 652 346 Mauonts

168 473 290 530 protenus
302 479 379 526 aeger
390 478 455 526 age,
469 463 537 512 hane
547 465 624 512 etiam
636 465 687 523 vix,
701 464 797 525 Tityre,
811 461 894 510 duco:

168 555 210 603 bie
223 555 290 602 inter
302 555 394 601 densas
413 553 516 600 eornlos
533 555 611 601 mode
629 568 742 615 numque
759 552 893 612 gemellos,

118 648 148 691 lb
169 658 241 706 spem
254 642 350 704 gregis,
366 657 390 700 a,
405 641 478 689 silice
490 641 517 688 in
530 643 601 690 nuda
614 643 708 691 conixa
721 640 834 703 reliquit.

168 746 245 795 saepe
258 733 355 780 malum
368 732 417 780 hoc
429 732 513 791 nobis,
528 731 550 778 si
562 745 634 779 mens
646 745 698 777 non
711 731 783 777 laeva
795 728 893 786 suisset,

168 821 200 869 de
213 821 285 869 eaelo
299 829 380 870 tactas
393 820 498 869 memini
512 819 661 883 praedicere
674 832 792 880 quereus.

168 910 212 958 red
226 917 312 958 tamen
325 911 373 958 iste
386 911 449 959 deus
463 909 507 972 qai
521 909 554 956 sit
567 909 609 967 da,
624 907 721 969 Tityre,
736 905 821 953 nobis.

168 1013 191 1045 r.
212 998 316 1056 Urbem,
332 1013 411 1060 qaam
425 996 638 1054 dieuntRomam,
653 994 789 1052 Meliboee,
805 995 894 1055 putavi

116 1090 149 1133 20
168 1086 261 1133 stultus
269 1100 317 1146 ege
325 1085 386 1133 huie
393 1093 496 1133 nostrae
503 1085 622 1142 similem,
637 1098 689 1146 quo
697 1097 773 1145 saepe
781 1083 894 1130 solemus

169 1180 284 1236 pastores
299 1173 385 1220 ovium
398 1180 500 1221 teneres
514 1172 643 1234 depellere
656 1172 732 1219 fetus.

168 1262 205 1309 sie
218 1261 325 1310 eaaibus
339 1262 437 1310 catulos
449 1261 554 1318 similes,
570 1260 607 1307 sie
620 1259 744 1307 matribus
761 1259 858 1307 haedos

167 1365 268 1408 noram,
283 1350 320 1397 sie
333 1349 417 1411 parvis
430 1363 575 1412 conponere
587 1363 684 1409 magna
696 1347 820 1396 solebam.

167 1453 255 1487 verum
267 1437 332 1486 haee
345 1445 444 1485 tantum
459 1438 522 1485 alias
535 1438 601 1485 inter
614 1444 691 1499 eaput
703 1436 795 1484 extulit
806 1436 882 1485 urbes

115 1532 148 1574 25
168 1534 293 1589 quantum
307 1527 377 1573 lenta
389 1527 473 1573 solent
485 1527 552 1574 inter
564 1526 672 1573 viburna
686 1526 807 1587 cupressi.

168 1631 195 1663 u.
217 1615 250 1662 Et
263 1629 329 1676 quae
343 1622 415 1661 truita
427 1614 475 1660 fuit
487 1614 597 1661 Romam
610 1612 655 1660 tibi
670 1627 748 1667 eausa
761 1614 882 1662 videndi?

166 1719 190 1750 r,
212 1702 338 1761 Libertas,
355 1718 421 1765 quae
434 1717 491 1751 sera
503 1710 589 1749 tamen
602 1701 716 1762 respexit
728 1701 845 1760 inertem,

90 1787 93 1791 ’
167 1791 302 1839 candidior
315 1799 451 1853 postquam
464 1790 581 1838 tendenti
595 1789 676 1836 barba
688 1789 806 1848 cadebat,

167 1879 278 1941 respexit
291 1888 377 1926 tamen
391 1885 416 1926 et
428 1878 508 1938 longo
521 1885 580 1940 post
592 1885 707 1940 tempere
720 1879 798 1936 venit,

113 1972 147 2014 ³0
166 1974 305 2030 postquam
318 1981 365 2014 nos
378 1965 519 2026 Amaryllis
533 1964 618 2024 habet,
635 1963 745 2013 Galatea
757 1967 871 2028 reliquit.

166 2069 293 2117 namque,
313 2054 412 2102 fatebor
425 2054 507 2112 enim,
527 2054 588 2100 (lum
601 2069 641 2102 me
655 2052 765 2102 Galatea
778 2055 889 2114 tenebat,

165 2157 214 2191 nee
225 2157 283 2206 spes
297 2142 421 2190 libertatis
435 2148 490 2189 erat
501 2156 549 2190 nee
562 2157 624 2190 eura
635 2143 729 2206 peculi.

166 2231 281 2294 quamvis
294 2232 376 2278 multa
388 2231 451 2278 meis
465 2226 661 2280 exiret'vietima
674 2231 777 2294 saeptis,

165 2320 268 2381 pinguis
282 2327 308 2368 et
318 2320 436 2381 ingratae
449 2319 606 2382 premeretur
619 2335 707 2370 caseus
721 2320 787 2378 urbi,

113 2411 145 2454 35
166 2422 218 2455 non
231 2423 354 2471 umquam
367 2410 452 2472 gravis
466 2425 524 2459 aere
537 2409 642 2458 domurn
661 2409 724 2457 milri
743 2409 833 2457 dextra
853 2422 890 2456 re-

466 2498 546 2546 dibat.

150 2566 193 2631 uu,
211 2565 328 2634 Mirabar
341 2587 403 2650 quid
416 2595 515 2636 maesta
528 2587 603 2645 deos,
618 2585 759 2647 Amarylli,
774 2600 887 2644 vocares,

165 2673 205 2721 eui
220 2675 332 2735 pendere
345 2689 392 2722 sua
404 2676 527 2738 patereris
541 2675 567 2721 in
581 2674 672 2722 arbore
684 2687 776 2736 poma:

164 2761 267 2824 Tityrus
280 2762 340 2811 bine
353 2762 450 2811 aberat.
477 2763 550 2826 ipsae
561 2770 596 2819 te,
610 2760 708 2824 Tityre,
723 2760 809 2823 pinus,
