1808 2956
80 183 139 230 184
317 192 343 230 Ρ.
361 191 483 230 VERGILI
501 191 631 231 Maronis

146 348 193 396 has
206 347 270 396 mihi
284 355 427 396 serrassent
439 348 520 396 sedes.
549 349 609 396 satis
624 363 675 396 una
688 362 816 409 superque

146 436 256 484 vidimus
270 435 372 484 excidia
385 443 410 483 et
423 442 513 497 captae
527 437 702 499 superavimus
716 435 782 483 urbi.

146 525 183 573 sie
196 539 211 572 o
224 524 262 572 sic
274 524 386 587 positum
399 523 479 572 adfati
493 523 615 572 discedite
629 540 730 588 corpus.

77 617 127 661 645
147 613 202 676 ipse
215 627 293 661 manu
306 619 415 660 mortem
428 611 573 672 inveniam3
593 613 756 661 miserebitur
769 612 852 659 hostis

146 701 302 763 exuviasque
315 706 391 762 petet.
419 698 502 747 facilis
516 701 615 749 iactura
628 700 765 763 sepulchri.

145 790 197 837 iam
210 789 310 852 pridem
322 788 418 835 invisus
432 788 495 834 divis
510 795 534 836 et
546 789 644 836 inutilis
657 803 739 836 annos

146 878 279 934 demoror,
299 891 331 925 ex
344 891 395 938 quo
409 890 449 924 mc
463 876 548 924 divom
561 884 634 939 pater
648 884 725 939 atque
738 877 874 924 hominum

446 978 491 1012 rex

146 1052 262 1101 fulminis
275 1052 379 1100 adflavit
391 1052 471 1100 ventis
486 1058 510 1100 et
523 1052 632 1114 contigit
644 1041 720 1114 igni'

76 1146 126 1190 650
181 1140 257 1187 Talia
269 1139 401 1202 perstabat
412 1154 557 1187 memorans
572 1141 689 1203 fixusque
702 1141 831 1189 nurnebat.

146 1243 193 1276 nos
208 1234 297 1276 contra
310 1228 383 1276 effusi
397 1228 509 1275 lacrimis
524 1229 688 1291 coniunxque
703 1228 799 1277 Creusa

146 1316 326 1378 Ascaniusque
339 1316 475 1378 omnisque
489 1317 588 1376 domus,
605 1333 637 1366 ne
650 1326 745 1366 vertere
758 1333 844 1366 secum

146 1411 239 1453 cuncta
251 1411 323 1466 pater
335 1404 440 1466 fatoque
454 1406 573 1466 urguenti
587 1407 734 1454 incumbere
751 1407 833 1454 vellet.

146 1492 258 1553 abnegat
269 1492 424 1555 inceptoque
438 1500 462 1541 et
475 1493 578 1541 sedibus
592 1494 680 1542 haeret
692 1495 719 1541 in
733 1495 820 1542 isdem.

76 1585 125 1629 655
146 1595 233 1628 rursus
246 1581 273 1628 in
286 1595 358 1628 arma
371 1581 438 1628 seror
451 1589 611 1644 mortemque
625 1583 781 1630 miserrimus
800 1591 870 1645 opto.

146 1685 205 1718 nam
214 1669 283 1732 quod
292 1669 428 1717 eonsilium
436 1677 480 1717 aut
492 1685 557 1733 quae
569 1671 622 1718 iam
634 1671 737 1718 fortuna
749 1671 873 1720 dabatur?

143 1747 227 1806 ‘mene
241 1758 330 1806 efferre
343 1759 444 1821 pedem,
460 1759 570 1820 genitor,
587 1768 611 1807 te
624 1774 699 1822 posse
712 1761 801 1808 relicto

145 1847 252 1909 sperasti
265 1852 417 1908 tantumque
429 1847 501 1894 nefas
515 1848 599 1909 patrio
613 1849 708 1896 excidit
721 1849 779 1897 orei

145 1934 166 1982 si
179 1934 244 1982 nihil
259 1949 291 1982 ex
304 1941 376 1982 tanta
388 1935 485 1997 superis
499 1936 584 1997 placet
597 1936 659 1984 urbe
672 1937 781 1999 relinqui

76 2026 125 2070 660
146 2029 170 2070 et
183 2023 253 2071 sedet
265 2022 316 2070 hoc
328 2023 414 2070 animo
429 2024 606 2086 perituraeque
619 2024 714 2072 addere
727 2025 820 2072 'lroiae

145 2118 221 2172 teque
234 2117 343 2172 tuosque
356 2111 434 2169 iuvat,
450 2120 520 2174 patet
533 2113 574 2159 isti
587 2113 667 2160 ianua
679 2113 731 2161 leto

145 2200 248 2261 iamque
266 2199 348 2246 aderit
360 2200 441 2247 multo
455 2199 551 2248 Priami
566 2201 597 2248 de
610 2201 734 2262 sanguine
748 2201 870 2262 Pyrrhus,

146 2295 254 2349 gnatum
267 2293 327 2335 ante
340 2302 385 2336 ora
398 2288 492 2350 patris,
514 2296 612 2351 patrem
630 2290 674 2351 qui
692 2288 827 2337 obtruncat
839 2290 871 2336 ad

446 2391 512 2424 aras.

145 2463 194 2511 hoc
214 2469 282 2521 erat,
304 2463 374 2511 alma
394 2478 500 2525 parcns,
527 2465 595 2527 quod
616 2480 656 2513 me
674 2476 720 2527 per
739 2466 805 2524 tela,
827 2481 873 2529 per

445 2568 512 2614 ignis
536 2608 545 2623 .

42 2630 101 2672 ⁶⁶5
118 2634 209 2692 capra,
229 2648 262 2685 ut
271 2643 369 2692 mediis
382 2644 490 2695 hostem
506 2644 533 2693 in
547 2641 726 2710 penetralibus
738 2649 821 2704 utque
