1808 2956
300 183 448 223 Anunmos
471 184 558 223 monn
575 187 616 224 1x.
797 178 855 226 391

57 345 110 387 250
127 330 205 401 ‘quae
219 339 299 398 vobis,
316 354 382 401 quae
396 340 484 401 digna,
499 340 554 398 viri,
570 356 617 402 pro
632 342 752 390 laudibus
765 343 819 390 istis

129 428 244 490 praemia
257 441 332 490 posse
345 442 403 475 rear
416 427 498 475 solvi?
511 428 686 490 pulcherrima
699 432 811 492 primurn

52 511 55 516 ’
130 517 155 563 di
169 530 305 577 moresque
319 516 418 563 dabunt
430 517 521 575 vestri3
541 523 596 564 tum
609 525 693 566 cetera
706 519 796 567 reddet

130 611 244 653 actutum
258 604 315 666 pius
327 605 429 652 Aeneas
443 613 520 666 atque
533 605 632 666 integer
645 606 699 653 aevi

129 693 267 749 Ascanius,
283 692 367 740 meriti
381 692 445 740 tanti
459 706 513 739 non
525 693 652 741 inmemor
666 687 807 756 umquam.’

57 787 110 829 ‘255
127 772 218 828 ‘immo
232 795 280 842 ego
294 795 348 838 vos,
365 780 406 827 cui
419 780 476 827 sola
488 782 558 829 salus
571 782 687 842 genitore
701 775 815 831 reducto'

130 869 225 931 excipit
238 869 375 926 Ascanius,
388 858 445 930 ‘per
457 883 575 929 magnos,
591 868 660 928 Nise,
676 877 782 932 penates

130 957 304 1018 Assaracique
317 955 412 1004 Larem
425 965 450 1004 et
463 971 543 1004 canae
556 958 699 1019 penetralia
712 957 805 1006 Vestae

131 1045 261 1102 obtestor3
276 1058 453 1106 quaecumque
466 1045 531 1092 mihi
545 1045 648 1094 fortuna
661 1045 809 1110 fidesquest,

131 1132 158 1177 in
171 1132 259 1179 vestris
273 1147 342 1194 pono
355 1133 473 1194 gremiis:
490 1143 607 1180 revocate
620 1140 762 1194 parentem,

58 1225 111 1267 260
131 1220 229 1268 reddite
243 1227 423 1282 conspectum,
438 1220 503 1268 nihil
517 1221 564 1268 illo
577 1221 648 1268 triste
660 1228 772 1284 recepto.

131 1308 192 1356 bina
205 1308 272 1356 dabo
287 1317 393 1371 argento
407 1309 521 1371 perfecta
533 1317 610 1371 atque
623 1324 715 1372 aspera
728 1309 808 1370 signis

130 1397 234 1458 pocula,
250 1398 349 1446 devicta
361 1398 464 1458 genitor
477 1412 542 1459 quae
557 1398 624 1460 cepit
636 1397 740 1455 Arisba,

130 1494 155 1533 et
168 1486 283 1547 tripodas
296 1486 422 1548 geminos,
439 1485 494 1532 anri
508 1485 559 1532 duo
573 1499 668 1546 magna
681 1486 786 1542 talenta,

132 1580 231 1620 cratera
244 1574 367 1630 anticum,
385 1588 461 1634 quem
475 1573 519 1620 dat
532 1570 640 1618 Sidonia
653 1571 732 1618 Dido.

58 1666 111 1708 265
132 1661 152 1706 si
166 1675 225 1706 vero
239 1675 330 1721 capere
343 1661 446 1707 Italiam
459 1659 618 1720 sceptrisque
631 1660 708 1720 potiri

132 1748 269 1808 contigerit
282 1747 372 1794 victori
387 1755 412 1795 et
424 1748 536 1809 praedae
550 1747 634 1794 dicere
646 1754 750 1805 sortem,

130 1836 215 1882 vidisti
230 1850 281 1897 quo
295 1835 398 1883 Turnus
412 1850 487 1897 equo,
504 1833 596 1895 quibus
610 1833 663 1880 ibat
676 1834 702 1880 in
716 1834 793 1882 armis

130 1938 238 1983 aureus,
253 1924 336 1986 ipsum
350 1922 433 1981 illurn,
450 1923 561 1985 clipeum
575 1922 715 1984 cristasque
728 1922 848 1971 rubentes

129 2013 259 2075 excipiam
272 2013 343 2070 sorti,
359 2012 411 2059 iam
424 2026 494 2059 nunc
507 2018 550 2058 tna
564 2009 687 2072 praemia,
703 2011 772 2060 Nise.

58 2107 110 2151 270
130 2110 264 2164 praeterea
276 2101 315 2148 bis
329 2116 375 2148 sex
387 2101 489 2162 genitor
502 2098 641 2148 lectissima
654 2108 764 2147 matrum

129 2204 240 2252 corporo
253 2189 419 2252 captivosque
433 2189 504 2235 dabit
516 2201 614 2249 suaque
628 2187 746 2236 omnibus
760 2203 841 2246 arma,

132 2278 270 2342 insuperis
284 2279 367 2341 campi
382 2278 451 2340 quod
465 2292 511 2325 rex
523 2276 601 2323 habet
614 2275 669 2337 ipse
682 2275 798 2322 Latinus.

132 2376 156 2416 te
169 2383 237 2426 vcro,
253 2382 310 2415 mea
324 2382 400 2428 quern
414 2366 503 2428 spatiis
517 2363 681 2426 propioribus
696 2370 765 2410 aetas

131 2456 284 2517 insequitur,
300 2455 444 2503 venerande
458 2468 530 2515 puer,
545 2452 598 2498 iam
611 2459 715 2512 pectore
727 2458 782 2498 toto

60 2550 111 2593 275
133 2544 232 2608 accipio
246 2552 271 2593 et
284 2544 403 2592 comitem
417 2556 490 2590 casus
504 2540 654 2600 conplector
667 2537 695 2585 in
708 2538 804 2583 omnis.

130 2635 201 2681 nulia
213 2634 277 2682 meis
290 2633 346 2681 sine
360 2640 385 2680 te
399 2638 542 2694 quaeretur
556 2626 649 2695 gioria
658 2623 766 2680 renus,
