1808 2956
76 189 135 235 262
314 197 340 234 P.
357 195 479 234 vnaolm
499 192 629 233 MARONIS

144 354 244 411 ultima,
260 353 281 400 si
295 352 370 414 primi
385 351 457 399 Salio
471 352 613 399 reddantur
624 351 751 400 honores.

145 448 199 489 tum
212 449 284 504 pater
296 443 399 490 Aeneas
410 431 508 489 ‘vestra'
523 441 608 502 inquit
620 441 739 489 ‘munera
752 442 828 490 vobis

146 540 216 580 certa
238 538 358 590 manent,
384 530 472 592 pueri,
498 537 523 576 et
545 529 660 591 palmam
679 537 770 578 movet
790 531 876 579 ordine

445 633 535 666 nemo:

75 714 125 757 350
145 723 185 757 me
198 709 275 757 liceat
288 722 362 756 casus
375 707 490 755 miserari
504 707 612 754 insontis
626 698 725 755 amiei'

75 822 77 826 ·
145 799 182 846 sio
195 798 261 846 fatus
276 802 374 857 tergum
388 793 490 843 Gaetuli
503 796 608 842 inmane
622 796 704 843 leonis

145 887 189 933 dat
202 885 287 943 Salio,
307 884 374 932 villis
393 898 530 932 onerosum
543 891 620 945 atque
632 883 766 943 unguibus
783 885 874 934 aureis.

144 974 187 1022 hic
199 974 276 1022 Nisus
288 973 318 1019 ‘si
332 965 410 1021 tanta'
423 973 508 1034 inquit
517 963 588 1019 ‘sunt
601 972 717 1034 praemia
730 973 807 1021 vietis

145 1069 171 1110 et
184 1069 207 1110 te
221 1063 351 1124 lapsorum
365 1062 476 1120 miseret,
493 1075 558 1123 quae
571 1075 679 1108 munera
691 1059 756 1108 Niso

75 1155 125 1198 355
146 1151 225 1212 digna
239 1149 328 1197 dabis?
346 1151 456 1212 primam
469 1149 550 1199 merui
564 1149 607 1211 qui
623 1149 698 1196 laude
712 1164 850 1207 coronam,

145 1239 171 1285 ni
185 1253 226 1286 me
239 1253 305 1299 quae
318 1237 418 1285 Salium
431 1239 545 1285 Fortuna
558 1238 663 1285 inimica
675 1231 798 1285 tulisset.'

145 1333 170 1374 et
182 1327 257 1373 simul
271 1326 311 1372 his
325 1327 399 1374 dictis
413 1327 504 1374 faeiem
518 1326 664 1374 ostentabat
676 1333 702 1374 et
713 1327 767 1373 udo

145 1415 230 1477 turpia
243 1415 358 1462 membra
371 1415 440 1462 fimo.
469 1415 525 1462 risit
536 1422 609 1477 pater
622 1415 734 1477 optimus
748 1416 796 1463 olli

145 1511 170 1551 et
183 1504 294 1566 clipeum
308 1504 391 1552 efferri
405 1504 487 1563 iussit,
502 1503 674 1565 Didymaonis
688 1504 760 1562 artis,

75 1596 126 1640 360
145 1591 257 1655 Neptuni
271 1607 344 1640 sacro
357 1592 456 1640 Danais
471 1592 502 1640 de
515 1599 587 1654 poste
601 1593 725 1651 refixum3

145 1680 195 1729 hoo
207 1681 326 1728 iuvenem
339 1681 470 1742 egregium
483 1682 624 1743 praestanti
638 1695 743 1729 munere
757 1682 850 1732 donat.

180 1769 243 1818 Post
256 1769 299 1817 ubi
313 1770 422 1818 contecti
437 1784 524 1817 cursus
538 1776 563 1817 et
576 1770 645 1817 dona
658 1770 765 1832 peregit,

142 1847 232 1917 ‘nune,
250 1859 313 1906 sicui
326 1859 405 1906 virtus
419 1859 571 1920 animusque
584 1858 611 1904 in
624 1865 728 1920 pectore
742 1873 876 1920 praesens

146 1947 213 1996 adsit
226 1953 251 1995 et
264 1947 369 1994 evinctis
383 1949 485 1996 attollat
497 1946 619 1995 bracchia
631 1946 724 2008 palmis
735 1939 751 1992 :’

76 2041 126 2085 365
146 2038 183 2085 sio
193 2038 233 2085 ait
245 2044 270 2085 et
282 2036 413 2098 geminum
427 2049 530 2099 pugnae
542 2035 664 2096 proponit
677 2035 815 2095 honorem,

145 2126 235 2174 victori
249 2126 360 2173 velatum
374 2138 437 2172 auro
451 2124 571 2185 vittisque
584 2123 729 2181 iuvencum,

146 2228 233 2263 ensem
246 2220 323 2277 atque
337 2214 465 2273 insignem
478 2213 580 2274 galeam
593 2212 690 2260 solacia
703 2212 780 2259 victo.

147 2317 195 2351 neo
207 2318 289 2361 mora,
306 2302 429 2351 continuo
442 2301 520 2348 vastis
534 2316 592 2348 eum
605 2300 700 2347 viribus
714 2301 788 2348 effert

147 2406 192 2439 ora
204 2391 287 2439 Dares
300 2404 448 2451 magnoque
460 2389 542 2436 virum
556 2403 582 2436 se
595 2403 724 2436 murmure
739 2391 817 2450 tollit,

75 2483 127 2530 370
147 2479 216 2527 solus
230 2480 273 2541 qui
287 2479 407 2528 Paridem
420 2478 510 2525 solitus
524 2478 678 2524 contendere
692 2487 782 2526 contra

144 2568 266 2631 idemque
284 2568 316 2616 ad
335 2567 461 2614 tumulum
480 2580 531 2628 quo
544 2567 672 2613 maximus
687 2567 798 2616 occubat
813 2568 878 2617 Heo-

448 2663 490 2706 tor
