1808 2956
89 183 149 232 484
181 192 207 231 P.
225 189 346 231 venatui
361 188 492 230 unaems
509 187 659 230 Annumos
677 188 738 230 ma.
754 188 800 230 xa

88 354 139 396 900
159 348 247 396 omnia
260 347 422 410 corripuisse,
437 347 598 396 memmium
612 347 645 395 ad
659 349 767 396 moenia
779 348 847 397 ferri.

158 437 202 485 ille
214 436 301 485 surena
315 436 352 498 (et
364 450 440 484 saeva
452 435 519 484 Ievis
532 436 570 483 sie
583 436 692 484 numina
705 437 830 501 poseant)

159 525 252 573 deserit
265 523 383 572 obsessos
398 525 486 584 eolles,
502 537 609 572 nemora
622 539 717 587 aspera
731 525 835 588 linquit.

158 613 201 660 vix
214 627 227 661 e
241 619 380 676 conspeetu
394 613 491 661 exierat
504 627 677 675 campumque
691 613 808 673 tenebat,

158 717 217 750 eum
229 710 302 764 pater
314 702 426 760 Aeneas,
441 701 522 750 saltus
535 701 666 762 ingressus
680 709 796 764 apertos,

89 795 137 837 905
159 799 334 852 exuperatque
347 789 437 850 iugum
449 790 563 851 silvaque
577 790 663 837 evadit
675 803 770 852 opaea.

159 878 195 926 sie
208 878 284 927 ambo
299 879 331 926 ad
345 893 431 926 mures
444 878 528 940 rapidi
541 884 649 940 totoque
665 877 787 926 feruntur

159 967 261 1028 agmine
275 981 322 1015 nec
335 967 420 1028 longis
433 967 538 1015 interae
552 966 669 1028 passibus
684 966 783 1014 absunt

159 1070 190 1103 ne
201 1055 277 1103 simul
292 1057 392 1104 Aeneas
406 1054 534 1102 fumantes
547 1055 652 1116 pulvere
665 1069 775 1117 campos

159 1143 290 1206 prespexit
302 1144 380 1204 longe
392 1143 583 1205 Laurentiaque
596 1143 703 1204 agmina
716 1144 782 1191 vidit

88 1236 138 1279 910
158 1238 183 1279 et
196 1245 299 1278 saevom
310 1233 419 1279 Aenean
433 1231 556 1292 adgnovit
568 1231 672 1278 Turnus
686 1231 714 1278 in
729 1233 809 1280 annis

159 1320 347 1381 adventumque
361 1320 456 1381 pedum
468 1319 595 1380 flatusque
603 1318 708 1387 *audivit
721 1336 856 1384 equorum.

159 1407 334 1469 continueque
347 1407 435 1455 ineant
447 1421 547 1469 pugnus
562 1415 587 1455 et
599 1408 700 1468 proelia
712 1415 847 1472 temptent,

159 1496 184 1542 ni
199 1510 287 1544 roseus
301 1495 380 1544 fessos
394 1496 445 1542 iam
458 1496 560 1557 gurgite
573 1495 694 1543 Phoebus
708 1496 809 1546 Hibero

158 1585 259 1646 tinguat
272 1599 352 1646 eques
366 1591 520 1646 noctemque
533 1584 574 1631 die
588 1583 691 1632 labente
704 1587 823 1636 reducat.

88 1678 138 1720 915
158 1673 296 1722 considunt
309 1673 398 1721 eastris
411 1679 470 1721 ante
483 1672 573 1720 urbem
586 1678 611 1720 et
625 1673 731 1721 moenia
744 1676 850 1724 vallant.
