1808 2956
90 174 146 221 154
325 183 351 222 Ρ.
369 181 489 220 VERGILI
509 180 640 221 MARONIS

87 344 137 388 640
156 339 246 401 ingens
260 345 395 400 argentum
405 339 511 397 mensis,
528 339 678 400 caelataque
691 339 718 386 in
732 354 794 386 auro

156 428 234 476 fortia
246 428 315 476 lacta
327 435 438 491 patrum,
454 428 531 476 series
545 428 697 489 longissima
711 443 796 475 reruni

156 532 201 580 per
214 524 252 565 tot
265 516 342 564 ducta
354 517 421 564 viros
435 517 556 579 antiquae
570 516 600 563 ab
615 517 715 578 origine
728 517 822 578 gentis.

192 606 294 655 Aeneas
313 603 490 668 (nequeenim
504 605 601 667 patrius
615 606 755 654 consistere
773 615 885 655 mentem

156 709 247 758 passus
259 694 343 757 amor)
356 694 476 757 rapidum
487 694 519 741 ad
527 695 598 741 navis
606 695 883 756 praemittitAehaten,

87 787 137 832 645
156 783 270 832 Ascanio
283 782 349 831 serat
361 783 425 830 haec
438 783 573 845 ipsumque
586 783 618 830 ad
633 784 736 831 moenia
750 785 827 833 ducat

156 872 252 936 (omnis
265 873 292 919 in
306 872 420 920 Ascanio
435 873 487 920 cari
500 879 551 919 stat
564 887 626 919 cura
639 872 780 935 parentis):

156 975 264 1009 munera
276 967 417 1022 praeterea,
432 960 518 1008 Iliacis
532 968 620 1022 erepta
632 961 722 1018 ruinis,

158 1050 223 1098 serre
236 1049 316 1107 iubet,
331 1048 429 1110 pallam
443 1048 522 1109 signis
537 1064 651 1111 auroque
665 1049 790 1110 rigentem

157 1146 182 1187 et
195 1138 391 1186 circumtextum
405 1151 495 1185 croceo
509 1137 625 1186 velamen
639 1139 759 1195 acantho,

87 1232 137 1276 650
156 1233 261 1274 ornatus
275 1225 387 1286 Argivae
401 1224 523 1282 Helenae,
540 1239 604 1286 quos
617 1225 664 1273 illa
676 1227 800 1288 Mycenis,

156 1315 284 1376 Pergama
297 1328 355 1362 cum
368 1320 465 1376 peteret
483 1314 699 1378 inconcessosque
716 1315 884 1377 hymenaeos,

157 1404 294 1460 extulerat,
310 1403 398 1450 matris
412 1401 499 1450 Ledae
512 1403 630 1451 mirabile
644 1405 756 1463 donum3

157 1499 290 1556 praeterea
302 1498 439 1553 sceptrum,
454 1491 537 1540 Ilione
551 1493 619 1554 qnod
633 1501 747 1554 gesserat
760 1493 832 1551 olim,

156 1581 272 1629 maxima
284 1585 404 1628 natarum
416 1579 521 1638 Priami,
538 1580 658 1643 colloque
671 1583 768 1630 monile

88 1674 138 1718 655
158 1669 277 1718 bacatum
292 1675 317 1717 et
330 1669 459 1732 duplicem
472 1668 580 1730 gemmis
594 1686 709 1733 auroque
723 1685 855 1719 coronam.

158 1758 222 1807 haec
235 1759 351 1807 celerans
364 1759 412 1807 iter
425 1759 457 1806 ad
472 1759 543 1806 navis
557 1759 678 1807 tendebat
690 1760 812 1809 Achates.

193 1848 229 1895 At
241 1847 369 1910 Cytherea
382 1861 461 1895 novas
475 1855 551 1906 artes,
566 1862 634 1895 nova
646 1855 750 1910 pectore
764 1857 847 1897 versat

159 1936 277 1994 consilia,
293 1942 321 1983 ut
333 1935 426 1984 faciem
440 1943 551 1983 mutatus
565 1944 590 1984 et
603 1951 649 1984 ora
663 1936 765 1999 Cupido

158 2039 206 2088 pro
220 2024 289 2073 dulci
303 2025 418 2072 Ascanio
432 2025 517 2072 veniat
530 2025 657 2087 donisque
670 2026 798 2074 furentem

89 2117 139 2162 660
159 2113 280 2162 incendat
292 2114 409 2175 reginam
423 2120 500 2175 atque
513 2112 614 2160 ossibus
627 2114 733 2176 inplicet
747 2116 850 2176 ignern3

159 2203 255 2266 quippe
276 2202 380 2249 domum
398 2202 471 2248 timet
487 2201 637 2263 ambiguam
649 2202 793 2266 Tyriosque
812 2203 888 2252 bilin-

460 2291 526 2351 suis,

158 2380 210 2428 urit
223 2389 298 2427 atrox
309 2379 376 2426 Iuno
390 2384 415 2426 et
427 2378 474 2425 suh
488 2387 590 2427 noctem
604 2395 665 2428 cura
678 2391 801 2428 recursat.

160 2483 221 2530 ergo
235 2468 274 2515 his
288 2468 414 2528 aligerum
428 2467 502 2516 dictis
516 2469 618 2516 adlatur
630 2471 761 2517 Amorem.

156 2547 231 2615 hate,
247 2573 323 2606 meae
337 2558 411 2617 vires,
427 2572 486 2606 mea
498 2571 594 2620 magna
606 2558 721 2621 potentia
735 2558 814 2613 solus,

58 2640 116 2681 665
133 2650 207 2700 nate,
222 2647 315 2707 patris
329 2650 429 2699 summi
444 2649 492 2715 qui
506 2649 562 2699 tela
573 2647 699 2714 'lypum
708 2647 814 2697 termus,

52 2756 65 2793 l
