<?xml version="1.0" encoding="UTF-8"?>
<!DOCTYPE html PUBLIC "-//W3C//DTD XHTML 1.0 Transitional//EN"
    "http://www.w3.org/TR/xhtml1/DTD/xhtml1-transitional.dtd">
<html xmlns="http://www.w3.org/1999/xhtml" xml:lang="en" lang="en">
 <head>
  <title>
</title>
<meta http-equiv="Content-Type" content="text/html;charset=utf-8" />
  <meta name='ocr-system' content='tesseract 3.04.00' />
  <meta name='ocr-capabilities' content='ocr_page ocr_carea ocr_par ocr_line ocrx_word'/>
</head>
<body>
  <div class='ocr_page' id='page_1' title='image "./pvergiliusmaro00virggoog/pvergiliusmaro00virggoog_0391.png"; bbox 0 0 1808 2956; ppageno 0'>
   <div class='ocr_carea' id='block_1_1' title="bbox 58 176 696 224">
    <p class='ocr_par' dir='ltr' id='par_1_1' title="bbox 58 176 696 224">
     <span class='ocr_line' id='line_1_1' title="bbox 58 176 696 224; baseline -0.002 -1"><span class='ocrx_word' id='word_1_1' title='bbox 58 176 120 224; x_wconf 79' lang='lat'><strong>394</strong></span> <span class='ocrx_word' id='word_1_2' title='bbox 299 184 325 222; x_wconf 80' lang='lat' dir='ltr'><strong>P.</strong></span> <span class='ocrx_word' id='word_1_3' title='bbox 344 183 466 223; x_wconf 81' lang='lat' dir='ltr'><strong>vneeini</strong></span> <span class='ocrx_word' id='word_1_4' title='bbox 483 183 613 222; x_wconf 72' lang='lat' dir='ltr'><strong>hanonie</strong></span> <span class='ocrx_word' id='word_1_5' title='bbox 688 189 696 209; x_wconf 69' lang='lat'><strong>¹</strong></span> 
     </span>
    </p>
   </div>
   <div class='ocr_carea' id='block_1_2' title="bbox 55 340 860 2080">
    <p class='ocr_par' dir='ltr' id='par_1_2' title="bbox 55 340 860 2080">
     <span class='ocr_line' id='line_1_2' title="bbox 128 340 776 403; baseline 0.005 -17"><span class='ocrx_word' id='word_1_6' title='bbox 128 347 218 388; x_wconf 87' lang='lat' dir='ltr'><strong>nactus</strong></span> <span class='ocrx_word' id='word_1_7' title='bbox 232 341 304 403; x_wconf 87' lang='lat' dir='ltr'><strong>equis</strong></span> <span class='ocrx_word' id='word_1_8' title='bbox 318 340 437 403; x_wconf 86' lang='lat' dir='ltr'><strong>ferroque</strong></span> <span class='ocrx_word' id='word_1_9' title='bbox 452 347 522 388; x_wconf 86' lang='lat' dir='ltr'><strong>eeeat</strong></span> <span class='ocrx_word' id='word_1_10' title='bbox 535 340 674 402; x_wconf 82' lang='lat' dir='ltr'>pendentia</span> <span class='ocrx_word' id='word_1_11' title='bbox 688 341 776 398; x_wconf 82' lang='lat' dir='ltr'><strong>eolla3</strong></span> 
     </span>
     <span class='ocr_line' id='line_1_3' title="bbox 55 429 859 493; baseline 0.002 -18"><span class='ocrx_word' id='word_1_12' title='bbox 55 433 108 476; x_wconf 82' lang='lat'><strong>330</strong></span> <span class='ocrx_word' id='word_1_13' title='bbox 128 436 183 476; x_wconf 89' lang='lat' dir='ltr'><strong>tum</strong></span> <span class='ocrx_word' id='word_1_14' title='bbox 197 437 274 491; x_wconf 89' lang='lat' dir='ltr'><strong>eaput</strong></span> <span class='ocrx_word' id='word_1_15' title='bbox 286 429 335 492; x_wconf 92' lang='lat' dir='ltr'><strong>ipsi</strong></span> <span class='ocrx_word' id='word_1_16' title='bbox 350 429 432 477; x_wconf 79' lang='lat' dir='ltr'>aufert</span> <span class='ocrx_word' id='word_1_17' title='bbox 443 429 549 476; x_wconf 89' lang='lat' dir='ltr'><strong>domino</strong></span> <span class='ocrx_word' id='word_1_18' title='bbox 556 435 729 491; x_wconf 86' lang='lat' dir='ltr'><strong>truncumque</strong></span> <span class='ocrx_word' id='word_1_19' title='bbox 736 430 859 493; x_wconf 89' lang='lat' dir='ltr'><strong>relinquit</strong></span> 
     </span>
     <span class='ocr_line' id='line_1_4' title="bbox 128 517 791 580; baseline 0.006 -17"><span class='ocrx_word' id='word_1_20' title='bbox 128 517 255 578; x_wconf 84' lang='lat' dir='ltr'><strong>sanguine</strong></span> <span class='ocrx_word' id='word_1_21' title='bbox 268 518 469 579; x_wconf 66' lang='lat' dir='ltr'><strong>singultantem</strong></span> <span class='ocrx_word' id='word_1_22' title='bbox 484 525 540 565; x_wconf 85' lang='lat' dir='ltr'><strong>atro</strong></span> <span class='ocrx_word' id='word_1_23' title='bbox 555 517 684 580; x_wconf 85' lang='lat' dir='ltr'><strong>tepefacta</strong></span> <span class='ocrx_word' id='word_1_24' title='bbox 697 533 791 567; x_wconf 89' lang='lat' dir='ltr'><strong>eruore</strong></span> 
     </span>
     <span class='ocr_line' id='line_1_5' title="bbox 128 605 860 670; baseline 0.004 -18"><span class='ocrx_word' id='word_1_25' title='bbox 128 612 195 653; x_wconf 88' lang='lat' dir='ltr'><strong>terra</strong></span> <span class='ocrx_word' id='word_1_26' title='bbox 209 605 309 667; x_wconf 90' lang='lat' dir='ltr'><strong>torique</strong></span> <span class='ocrx_word' id='word_1_27' title='bbox 329 606 442 654; x_wconf 85' lang='lat' dir='ltr'><strong>madent.</strong></span> <span class='ocrx_word' id='word_1_28' title='bbox 470 619 517 653; x_wconf 91' lang='lat' dir='ltr'><strong>nee</strong></span> <span class='ocrx_word' id='word_1_29' title='bbox 535 620 588 652; x_wconf 92' lang='lat' dir='ltr'><strong>non</strong></span> <span class='ocrx_word' id='word_1_30' title='bbox 601 605 796 670; x_wconf 78' lang='lat' dir='ltr'><strong>Lamyrumque</strong></span> <span class='ocrx_word' id='word_1_31' title='bbox 811 608 860 655; x_wconf 90' lang='lat' dir='ltr'><strong>La-</strong></span> 
     </span>
     <span class='ocr_line' id='line_1_6' title="bbox 429 708 551 754; baseline 0.016 -15"><span class='ocrx_word' id='word_1_32' title='bbox 429 708 551 754; x_wconf 88' lang='lat' dir='ltr'><strong>mumque</strong></span> 
     </span>
     <span class='ocr_line' id='line_1_7' title="bbox 128 778 784 842; baseline 0.006 -14"><span class='ocrx_word' id='word_1_33' title='bbox 128 788 153 829; x_wconf 92' lang='lat' dir='ltr'><strong>et</strong></span> <span class='ocrx_word' id='word_1_34' title='bbox 165 781 284 828; x_wconf 87' lang='lat' dir='ltr'><strong>iuvenem</strong></span> <span class='ocrx_word' id='word_1_35' title='bbox 297 778 445 837; x_wconf 86' lang='lat' dir='ltr'><strong>Serranum,</strong></span> <span class='ocrx_word' id='word_1_36' title='bbox 461 780 508 828; x_wconf 88' lang='lat' dir='ltr'><strong>illa</strong></span> <span class='ocrx_word' id='word_1_37' title='bbox 522 781 565 842; x_wconf 89' lang='lat' dir='ltr'><strong>qui</strong></span> <span class='ocrx_word' id='word_1_38' title='bbox 579 781 693 842; x_wconf 89' lang='lat' dir='ltr'><strong>plurima</strong></span> <span class='ocrx_word' id='word_1_39' title='bbox 706 792 784 832; x_wconf 87' lang='lat' dir='ltr'><strong>noete</strong></span> 
     </span>
     <span class='ocr_line' id='line_1_8' title="bbox 128 868 709 930; baseline -0.002 -13"><span class='ocrx_word' id='word_1_40' title='bbox 128 870 232 927; x_wconf 83' lang='lat' dir='ltr'><strong>luserat,</strong></span> <span class='ocrx_word' id='word_1_41' title='bbox 248 868 356 930; x_wconf 86' lang='lat' dir='ltr'><strong>insignis</strong></span> <span class='ocrx_word' id='word_1_42' title='bbox 371 868 444 926; x_wconf 84' lang='lat' dir='ltr'><strong>faeie,</strong></span> <span class='ocrx_word' id='word_1_43' title='bbox 460 869 593 930; x_wconf 91' lang='lat' dir='ltr'><strong>multoque</strong></span> <span class='ocrx_word' id='word_1_44' title='bbox 607 868 709 916; x_wconf 83' lang='lat' dir='ltr'><strong>iacebat</strong></span> 
     </span>
     <span class='ocr_line' id='line_1_9' title="bbox 55 956 766 1019; baseline 0 -14"><span class='ocrx_word' id='word_1_45' title='bbox 55 961 108 1005; x_wconf 80' lang='lat'><strong>335</strong></span> <span class='ocrx_word' id='word_1_46' title='bbox 128 957 245 1006; x_wconf 87' lang='lat' dir='ltr'><strong>membra</strong></span> <span class='ocrx_word' id='word_1_47' title='bbox 258 957 306 1006; x_wconf 90' lang='lat' dir='ltr'><strong>deo</strong></span> <span class='ocrx_word' id='word_1_48' title='bbox 319 957 417 1015; x_wconf 88' lang='lat' dir='ltr'><strong>vietus;</strong></span> <span class='ocrx_word' id='word_1_49' title='bbox 437 956 508 1015; x_wconf 71' lang='lat' dir='ltr'><strong>felin,</strong></span> <span class='ocrx_word' id='word_1_50' title='bbox 524 957 545 1004; x_wconf 85' lang='lat' dir='ltr'><strong>si</strong></span> <span class='ocrx_word' id='word_1_51' title='bbox 559 957 675 1019; x_wconf 87' lang='lat' dir='ltr'><strong>protinus</strong></span> <span class='ocrx_word' id='word_1_52' title='bbox 689 957 766 1005; x_wconf 90' lang='lat' dir='ltr'><strong>illum</strong></span> 
     </span>
     <span class='ocr_line' id='line_1_10' title="bbox 129 1045 764 1108; baseline -0.002 -15"><span class='ocrx_word' id='word_1_53' title='bbox 129 1053 265 1108; x_wconf 81' lang='lat' dir='ltr'><strong>aequasset</strong></span> <span class='ocrx_word' id='word_1_54' title='bbox 277 1046 347 1093; x_wconf 88' lang='lat' dir='ltr'><strong>noeti</strong></span> <span class='ocrx_word' id='word_1_55' title='bbox 361 1045 451 1092; x_wconf 90' lang='lat' dir='ltr'><strong>ludum</strong></span> <span class='ocrx_word' id='word_1_56' title='bbox 464 1045 492 1091; x_wconf 91' lang='lat' dir='ltr'><strong>in</strong></span> <span class='ocrx_word' id='word_1_57' title='bbox 505 1046 641 1108; x_wconf 85' lang='lat' dir='ltr'><strong>lucemque</strong></span> <span class='ocrx_word' id='word_1_58' title='bbox 654 1046 764 1094; x_wconf 84' lang='lat' dir='ltr'><strong>tulisset.</strong></span> 
     </span>
     <span class='ocr_line' id='line_1_11' title="bbox 127 1131 719 1196; baseline 0 -16"><span class='ocrx_word' id='word_1_59' title='bbox 127 1134 244 1196; x_wconf 86' lang='lat' dir='ltr'><strong>inpastus</strong></span> <span class='ocrx_word' id='word_1_60' title='bbox 258 1149 304 1182; x_wconf 88' lang='lat' dir='ltr'><strong>eeu</strong></span> <span class='ocrx_word' id='word_1_61' title='bbox 318 1134 395 1196; x_wconf 85' lang='lat' dir='ltr'><strong>plena</strong></span> <span class='ocrx_word' id='word_1_62' title='bbox 408 1135 448 1181; x_wconf 89' lang='lat' dir='ltr'><strong>leo</strong></span> <span class='ocrx_word' id='word_1_63' title='bbox 462 1131 507 1196; x_wconf 84' lang='lat' dir='ltr'><strong>per</strong></span> <span class='ocrx_word' id='word_1_64' title='bbox 521 1134 600 1181; x_wconf 92' lang='lat' dir='ltr'><strong>ovilia</strong></span> <span class='ocrx_word' id='word_1_65' title='bbox 612 1133 719 1181; x_wconf 82' lang='lat' dir='ltr'><strong>turbans</strong></span> 
     </span>
     <span class='ocr_line' id='line_1_12' title="bbox 129 1221 860 1286; baseline 0.003 -17"><span class='ocrx_word' id='word_1_66' title='bbox 129 1222 232 1283; x_wconf 90' lang='lat' dir='ltr'><strong>(suadet</strong></span> <span class='ocrx_word' id='word_1_67' title='bbox 245 1223 314 1269; x_wconf 90' lang='lat' dir='ltr'><strong>enim</strong></span> <span class='ocrx_word' id='word_1_68' title='bbox 328 1237 439 1269; x_wconf 86' lang='lat' dir='ltr'><strong>vaesana</strong></span> <span class='ocrx_word' id='word_1_69' title='bbox 452 1221 544 1283; x_wconf 87' lang='lat' dir='ltr'><strong>fames)</strong></span> <span class='ocrx_word' id='word_1_70' title='bbox 563 1222 715 1283; x_wconf 80' lang='lat' dir='ltr'><strong>manditque</strong></span> <span class='ocrx_word' id='word_1_71' title='bbox 728 1223 860 1286; x_wconf 81' lang='lat' dir='ltr'><strong>trahitque</strong></span> 
     </span>
     <span class='ocr_line' id='line_1_13' title="bbox 128 1310 856 1372; baseline 0.004 -16"><span class='ocrx_word' id='word_1_72' title='bbox 128 1311 207 1358; x_wconf 89' lang='lat' dir='ltr'><strong>molle</strong></span> <span class='ocrx_word' id='word_1_73' title='bbox 220 1325 298 1372; x_wconf 86' lang='lat' dir='ltr'><strong>pecus</strong></span> <span class='ocrx_word' id='word_1_74' title='bbox 312 1318 461 1372; x_wconf 90' lang='lat' dir='ltr'><strong>mutumque</strong></span> <span class='ocrx_word' id='word_1_75' title='bbox 481 1317 565 1368; x_wconf 88' lang='lat' dir='ltr'><strong>metu,</strong></span> <span class='ocrx_word' id='word_1_76' title='bbox 586 1310 671 1358; x_wconf 87' lang='lat' dir='ltr'><strong>fremit</strong></span> <span class='ocrx_word' id='word_1_77' title='bbox 684 1325 728 1359; x_wconf 91' lang='lat' dir='ltr'><strong>ore</strong></span> <span class='ocrx_word' id='word_1_78' title='bbox 742 1322 856 1359; x_wconf 80' lang='lat' dir='ltr'><strong>cruento.</strong></span> 
     </span>
     <span class='ocr_line' id='line_1_14' title="bbox 55 1398 755 1462; baseline 0.004 -18"><span class='ocrx_word' id='word_1_79' title='bbox 55 1402 109 1445; x_wconf 83' lang='lat'><strong>340</strong></span> <span class='ocrx_word' id='word_1_80' title='bbox 129 1412 175 1445; x_wconf 89' lang='lat' dir='ltr'><strong>nee</strong></span> <span class='ocrx_word' id='word_1_81' title='bbox 189 1398 274 1445; x_wconf 88' lang='lat' dir='ltr'><strong>minor</strong></span> <span class='ocrx_word' id='word_1_82' title='bbox 286 1399 391 1461; x_wconf 87' lang='lat' dir='ltr'><strong>Euryali</strong></span> <span class='ocrx_word' id='word_1_83' title='bbox 405 1399 512 1458; x_wconf 86' lang='lat' dir='ltr'><strong>eaedes;</strong></span> <span class='ocrx_word' id='word_1_84' title='bbox 527 1399 647 1447; x_wconf 85' lang='lat' dir='ltr'><strong>incensus</strong></span> <span class='ocrx_word' id='word_1_85' title='bbox 661 1399 755 1462; x_wconf 87' lang='lat' dir='ltr'><strong>etipse</strong></span> 
     </span>
     <span class='ocr_line' id='line_1_15' title="bbox 127 1486 858 1550; baseline 0.001 -15"><span class='ocrx_word' id='word_1_86' title='bbox 127 1486 236 1549; x_wconf 85' lang='lat' dir='ltr'><strong>perfurit</strong></span> <span class='ocrx_word' id='word_1_87' title='bbox 249 1503 278 1536; x_wconf 85' lang='lat' dir='ltr'><strong>ac</strong></span> <span class='ocrx_word' id='word_1_88' title='bbox 292 1489 400 1536; x_wconf 90' lang='lat' dir='ltr'><strong>multam</strong></span> <span class='ocrx_word' id='word_1_89' title='bbox 412 1488 440 1534; x_wconf 91' lang='lat' dir='ltr'><strong>in</strong></span> <span class='ocrx_word' id='word_1_90' title='bbox 453 1488 538 1535; x_wconf 89' lang='lat' dir='ltr'><strong>medio</strong></span> <span class='ocrx_word' id='word_1_91' title='bbox 553 1487 607 1535; x_wconf 90' lang='lat' dir='ltr'><strong>sine</strong></span> <span class='ocrx_word' id='word_1_92' title='bbox 625 1487 731 1536; x_wconf 89' lang='lat' dir='ltr'><strong>nomine</strong></span> <span class='ocrx_word' id='word_1_93' title='bbox 745 1489 858 1550; x_wconf 86' lang='lat' dir='ltr'><strong>plebem,</strong></span> 
     </span>
     <span class='ocr_line' id='line_1_16' title="bbox 126 1575 860 1638; baseline 0.003 -15"><span class='ocrx_word' id='word_1_94' title='bbox 126 1575 279 1638; x_wconf 76' lang='lat' dir='ltr'><strong>Fadumque</strong></span> <span class='ocrx_word' id='word_1_95' title='bbox 296 1575 491 1637; x_wconf 85' lang='lat' dir='ltr'><strong>Herbesumque</strong></span> <span class='ocrx_word' id='word_1_96' title='bbox 509 1575 578 1622; x_wconf 88' lang='lat' dir='ltr'><strong>subit</strong></span> <span class='ocrx_word' id='word_1_97' title='bbox 595 1575 779 1638; x_wconf 84' lang='lat' dir='ltr'><strong>Rhoetumque</strong></span> <span class='ocrx_word' id='word_1_98' title='bbox 792 1578 860 1625; x_wconf 88' lang='lat' dir='ltr'><strong>Aba·</strong></span> 
     </span>
     <span class='ocr_line' id='line_1_17' title="bbox 430 1664 539 1725; baseline 0.009 -15"><span class='ocrx_word' id='word_1_99' title='bbox 430 1664 539 1725; x_wconf 80' lang='lat' dir='ltr'><strong>uimque,</strong></span> 
     </span>
     <span class='ocr_line' id='line_1_18' title="bbox 129 1753 858 1816; baseline 0 -15"><span class='ocrx_word' id='word_1_100' title='bbox 129 1754 249 1816; x_wconf 83' lang='lat' dir='ltr'><strong>ignaros;</strong></span> <span class='ocrx_word' id='word_1_101' title='bbox 264 1753 392 1801; x_wconf 84' lang='lat' dir='ltr'><strong>Rhoetum</strong></span> <span class='ocrx_word' id='word_1_102' title='bbox 405 1753 555 1814; x_wconf 84' lang='lat' dir='ltr'><strong>vigilantem</strong></span> <span class='ocrx_word' id='word_1_103' title='bbox 569 1759 594 1799; x_wconf 91' lang='lat' dir='ltr'><strong>et</strong></span> <span class='ocrx_word' id='word_1_104' title='bbox 607 1759 700 1799; x_wconf 83' lang='lat' dir='ltr'><strong>cuncta</strong></span> <span class='ocrx_word' id='word_1_105' title='bbox 712 1753 858 1812; x_wconf 84' lang='lat' dir='ltr'><strong>videntem3</strong></span> 
     </span>
     <span class='ocr_line' id='line_1_19' title="bbox 129 1840 796 1903; baseline 0 -15"><span class='ocrx_word' id='word_1_106' title='bbox 129 1842 173 1889; x_wconf 90' lang='lat' dir='ltr'><strong>sed</strong></span> <span class='ocrx_word' id='word_1_107' title='bbox 187 1856 309 1902; x_wconf 75' lang='lat' dir='ltr'><strong>magnum</strong></span> <span class='ocrx_word' id='word_1_108' title='bbox 323 1849 438 1888; x_wconf 86' lang='lat' dir='ltr'><strong>metuens</strong></span> <span class='ocrx_word' id='word_1_109' title='bbox 452 1855 479 1889; x_wconf 84' lang='lat' dir='ltr'><strong>se</strong></span> <span class='ocrx_word' id='word_1_110' title='bbox 492 1849 551 1903; x_wconf 89' lang='lat' dir='ltr'><strong>post</strong></span> <span class='ocrx_word' id='word_1_111' title='bbox 564 1849 662 1889; x_wconf 83' lang='lat' dir='ltr'><strong>cratera</strong></span> <span class='ocrx_word' id='word_1_112' title='bbox 676 1840 796 1902; x_wconf 82' lang='lat' dir='ltr'><strong>tegebat:</strong></span> 
     </span>
     <span class='ocr_line' id='line_1_20' title="bbox 56 1930 804 1991; baseline 0.004 -16"><span class='ocrx_word' id='word_1_113' title='bbox 56 1933 109 1975; x_wconf 79' lang='lat'><strong>345</strong></span> <span class='ocrx_word' id='word_1_114' title='bbox 129 1937 232 1991; x_wconf 82' lang='lat' dir='ltr'><strong>pectore</strong></span> <span class='ocrx_word' id='word_1_115' title='bbox 246 1930 272 1976; x_wconf 93' lang='lat' dir='ltr'><strong>in</strong></span> <span class='ocrx_word' id='word_1_116' title='bbox 286 1930 392 1977; x_wconf 87' lang='lat' dir='ltr'><strong>adverso</strong></span> <span class='ocrx_word' id='word_1_117' title='bbox 406 1936 488 1976; x_wconf 93' lang='lat' dir='ltr'><strong>totum</strong></span> <span class='ocrx_word' id='word_1_118' title='bbox 502 1931 542 1977; x_wconf 90' lang='lat' dir='ltr'><strong>eui</strong></span> <span class='ocrx_word' id='word_1_119' title='bbox 557 1930 700 1977; x_wconf 82' lang='lat' dir='ltr'><strong>comminus</strong></span> <span class='ocrx_word' id='word_1_120' title='bbox 715 1944 804 1978; x_wconf 86' lang='lat' dir='ltr'><strong>ensem</strong></span> 
     </span>
     <span class='ocr_line' id='line_1_21' title="bbox 129 2018 754 2080; baseline -0.003 -14"><span class='ocrx_word' id='word_1_121' title='bbox 129 2018 246 2066; x_wconf 86' lang='lat' dir='ltr'><strong>condidit</strong></span> <span class='ocrx_word' id='word_1_122' title='bbox 258 2018 406 2078; x_wconf 85' lang='lat' dir='ltr'><strong>adsurgenti</strong></span> <span class='ocrx_word' id='word_1_123' title='bbox 421 2027 445 2065; x_wconf 86' lang='lat' dir='ltr'><strong>et</strong></span> <span class='ocrx_word' id='word_1_124' title='bbox 458 2019 541 2065; x_wconf 86' lang='lat' dir='ltr'><strong>multa</strong></span> <span class='ocrx_word' id='word_1_125' title='bbox 554 2025 636 2065; x_wconf 92' lang='lat' dir='ltr'><strong>morte</strong></span> <span class='ocrx_word' id='word_1_126' title='bbox 649 2018 754 2080; x_wconf 90' lang='lat' dir='ltr'><strong>recepit.</strong></span> 
     </span>
    </p>
   </div>
   <div class='ocr_carea' id='block_1_3' title="bbox 129 2094 859 2242">
    <p class='ocr_par' dir='ltr' id='par_1_3' title="bbox 129 2094 859 2242">
     <span class='ocr_line' id='line_1_22' title="bbox 129 2094 859 2169; baseline 0.001 -16"><span class='ocrx_word' id='word_1_127' title='bbox 129 2094 284 2169; x_wconf 86' lang='lat' dir='ltr'><strong>purpuream</strong></span> <span class='ocrx_word' id='word_1_128' title='bbox 304 2105 382 2153; x_wconf 89' lang='lat' dir='ltr'><strong>vomit</strong></span> <span class='ocrx_word' id='word_1_129' title='bbox 406 2106 451 2154; x_wconf 89' lang='lat' dir='ltr'><strong>ille</strong></span> <span class='ocrx_word' id='word_1_130' title='bbox 475 2106 589 2154; x_wconf 88' lang='lat' dir='ltr'><strong>animam</strong></span> <span class='ocrx_word' id='word_1_131' title='bbox 609 2115 634 2153; x_wconf 87' lang='lat' dir='ltr'><strong>et</strong></span> <span class='ocrx_word' id='word_1_132' title='bbox 654 2118 713 2153; x_wconf 89' lang='lat' dir='ltr'><strong>eum</strong></span> <span class='ocrx_word' id='word_1_133' title='bbox 732 2107 859 2169; x_wconf 83' lang='lat' dir='ltr'><strong>sanguine</strong></span> 
     </span>
     <span class='ocr_line' id='line_1_23' title="bbox 430 2194 512 2242; baseline 0.012 -1"><span class='ocrx_word' id='word_1_134' title='bbox 430 2194 512 2242; x_wconf 87' lang='lat' dir='ltr'><strong>mixta</strong></span> 
     </span>
    </p>
   </div>
   <div class='ocr_carea' id='block_1_4' title="bbox 43 2282 887 2776">
    <p class='ocr_par' dir='ltr' id='par_1_4' title="bbox 43 2282 887 2776">
     <span class='ocr_line' id='line_1_24' title="bbox 128 2282 887 2346; baseline 0.005 -18"><span class='ocrx_word' id='word_1_135' title='bbox 128 2283 188 2329; x_wconf 90' lang='lat' dir='ltr'><strong>vina</strong></span> <span class='ocrx_word' id='word_1_136' title='bbox 200 2282 277 2330; x_wconf 87' lang='lat' dir='ltr'><strong>refert</strong></span> <span class='ocrx_word' id='word_1_137' title='bbox 289 2284 417 2343; x_wconf 79' lang='lat' dir='ltr'><strong>moriens3</strong></span> <span class='ocrx_word' id='word_1_138' title='bbox 432 2284 474 2332; x_wconf 90' lang='lat' dir='ltr'><strong>hie</strong></span> <span class='ocrx_word' id='word_1_139' title='bbox 488 2284 555 2330; x_wconf 81' lang='lat' dir='ltr'><strong>furto</strong></span> <span class='ocrx_word' id='word_1_140' title='bbox 569 2283 680 2331; x_wconf 80' lang='lat' dir='ltr'><strong>fervidus</strong></span> <span class='ocrx_word' id='word_1_141' title='bbox 693 2283 782 2332; x_wconf 86' lang='lat' dir='ltr'><strong>instat.</strong></span> <span class='ocrx_word' id='word_1_142' title='bbox 829 2342 831 2346; x_wconf 28' lang='grc' dir='ltr'>Ι</span> <span class='ocrx_word' id='word_1_143' title='bbox 885 2339 887 2343; x_wconf 43' lang='grc'><em>,</em></span> 
     </span>
     <span class='ocr_line' id='line_1_25' title="bbox 128 2371 800 2434; baseline 0.003 -16"><span class='ocrx_word' id='word_1_144' title='bbox 128 2371 232 2433; x_wconf 91' lang='lat' dir='ltr'><strong>iamque</strong></span> <span class='ocrx_word' id='word_1_145' title='bbox 246 2372 278 2418; x_wconf 90' lang='lat' dir='ltr'><strong>ad</strong></span> <span class='ocrx_word' id='word_1_146' title='bbox 292 2372 404 2434; x_wconf 90' lang='lat' dir='ltr'><strong>Messapi</strong></span> <span class='ocrx_word' id='word_1_147' title='bbox 417 2373 502 2421; x_wconf 84' lang='lat' dir='ltr'><strong>socios</strong></span> <span class='ocrx_word' id='word_1_148' title='bbox 517 2372 638 2420; x_wconf 85' lang='lat' dir='ltr'><strong>tendebat</strong></span> <span class='ocrx_word' id='word_1_149' title='bbox 651 2371 699 2434; x_wconf 90' lang='lat' dir='ltr'><strong>(ibi</strong></span> <span class='ocrx_word' id='word_1_150' title='bbox 712 2372 800 2434; x_wconf 83' lang='lat' dir='ltr'><strong>ignem</strong></span> 
     </span>
     <span class='ocr_line' id='line_1_26' title="bbox 57 2459 746 2521; baseline 0.003 -15"><span class='ocrx_word' id='word_1_151' title='bbox 57 2463 110 2507; x_wconf 81' lang='lat'><strong>350</strong></span> <span class='ocrx_word' id='word_1_152' title='bbox 130 2459 238 2508; x_wconf 86' lang='lat' dir='ltr'><strong>deficere</strong></span> <span class='ocrx_word' id='word_1_153' title='bbox 251 2468 394 2508; x_wconf 84' lang='lat' dir='ltr'><strong>extremum</strong></span> <span class='ocrx_word' id='word_1_154' title='bbox 409 2468 434 2509; x_wconf 90' lang='lat' dir='ltr'><strong>et</strong></span> <span class='ocrx_word' id='word_1_155' title='bbox 446 2461 568 2521; x_wconf 82' lang='lat' dir='ltr'><strong>religatos</strong></span> <span class='ocrx_word' id='word_1_156' title='bbox 582 2460 629 2506; x_wconf 89' lang='lat' dir='ltr'><strong>rite</strong></span> <span class='ocrx_word' id='word_1_157' title='bbox 642 2460 746 2508; x_wconf 81' lang='lat' dir='ltr'><strong>ridebat</strong></span> 
     </span>
     <span class='ocr_line' id='line_1_27' title="bbox 96 2529 835 2611; baseline 0.003 -15"><span class='ocrx_word' id='word_1_158' title='bbox 96 2529 99 2533; x_wconf 31' lang='lat'><strong><em>¹</em></strong></span> <span class='ocrx_word' id='word_1_159' title='bbox 129 2563 234 2611; x_wconf 81' lang='lat' dir='ltr'><strong>carpere</strong></span> <span class='ocrx_word' id='word_1_160' title='bbox 247 2562 354 2610; x_wconf 85' lang='lat' dir='ltr'><strong>gramen</strong></span> <span class='ocrx_word' id='word_1_161' title='bbox 369 2548 470 2610; x_wconf 85' lang='lat' dir='ltr'><strong>equos),</strong></span> <span class='ocrx_word' id='word_1_162' title='bbox 487 2549 596 2597; x_wconf 86' lang='lat' dir='ltr'><strong>breviter</strong></span> <span class='ocrx_word' id='word_1_163' title='bbox 610 2563 668 2596; x_wconf 90' lang='lat' dir='ltr'><strong>eum</strong></span> <span class='ocrx_word' id='word_1_164' title='bbox 681 2549 745 2598; x_wconf 86' lang='lat' dir='ltr'><strong>talia</strong></span> <span class='ocrx_word' id='word_1_165' title='bbox 758 2549 835 2598; x_wconf 79' lang='lat' dir='ltr'><strong>Nisus</strong></span> 
     </span>
     <span class='ocr_line' id='line_1_28' title="bbox 118 2636 823 2704; baseline -0.009 -16"><span class='ocrx_word' id='word_1_166' title='bbox 118 2637 217 2704; x_wconf 77' lang='lat' dir='ltr'><strong>(sensit</strong></span> <span class='ocrx_word' id='word_1_167' title='bbox 230 2639 301 2691; x_wconf 89' lang='lat' dir='ltr'><strong>enim</strong></span> <span class='ocrx_word' id='word_1_168' title='bbox 314 2638 400 2690; x_wconf 88' lang='lat' dir='ltr'><strong>nimia</strong></span> <span class='ocrx_word' id='word_1_169' title='bbox 413 2637 494 2690; x_wconf 82' lang='lat' dir='ltr'><strong>caede</strong></span> <span class='ocrx_word' id='word_1_170' title='bbox 507 2645 586 2698; x_wconf 79' lang='lat' dir='ltr'><strong>atque</strong></span> <span class='ocrx_word' id='word_1_171' title='bbox 598 2636 721 2695; x_wconf 73' lang='lat' dir='ltr'><strong>euq&#39;idme</strong></span> <span class='ocrx_word' id='word_1_172' title='bbox 729 2637 823 2697; x_wconf 31' lang='lat' dir='ltr'><strong>term-r</strong></span> 
     </span>
     <span class='ocr_line' id='line_1_29' title="bbox 43 2738 92 2776; baseline 0 0"><span class='ocrx_word' id='word_1_173' title='bbox 43 2738 92 2776; x_wconf 59' lang='lat' dir='ltr'>k</span> 
     </span>
    </p>
   </div>
   <div class='ocr_carea' id='block_1_5' title="bbox 0 0 910 2956">
    <p class='ocr_par' dir='ltr' id='par_1_5' title="bbox 0 0 910 2956">
     <span class='ocr_line' id='line_1_30' title="bbox 0 0 910 2956; baseline 0 0"><span class='ocrx_word' id='word_1_174' title='bbox 0 0 910 2956; x_wconf 95' lang='lat' dir='ltr'><strong> </strong></span> 
     </span>
    </p>
   </div>
  </div>
 </body>
</html>
