1808 2956
233 308 379 351 nnnamos
396 309 485 350 mann
497 309 529 350 x.
714 300 776 351 tto

53 465 146 514 transit
158 471 183 514 et
195 480 312 528 parmam
325 482 423 526 mucro,
439 468 506 516 levia
518 482 590 516 erma
603 467 720 528 minaeis,

54 561 80 603 et
91 555 215 613 tunicam,
230 555 303 603 molli
317 563 399 605 mater
413 571 491 619 quam
504 563 608 605 neverat
620 568 693 615 aure,

53 644 213 706 inplevitque
226 644 311 691 sinum
324 645 446 706 sanguis;
466 651 520 692 tum
533 644 585 691 vita
598 659 644 706 per
656 658 732 694 auras

10 739 35 781 ΞΟ
55 733 184 781 concessit
196 739 294 780 maesta
307 733 338 780 ad
353 734 435 781 manis
448 747 594 795 corpusque
607 733 720 796 reliquit.

55 830 153 870 atvero
167 827 195 868 ut
209 821 306 868 voltum
319 821 382 869 vidit
394 821 527 870 morientis
541 828 566 869 et
578 836 633 881 ora,

56 925 102 958 ora
115 910 198 958 modis
211 909 383 958 Anchisiades
396 911 521 973 pallentia
533 910 612 969 miris,

55 998 182 1059 ingemuit
194 998 318 1046 miserans
331 998 442 1060 graviter
455 999 624 1061 dextramque
636 998 744 1047 tetendit

57 1094 82 1135 et
94 1093 204 1134 mentem
218 1087 317 1150 patriae
329 1087 432 1135 strinxit
443 1087 545 1149 pietatis
558 1087 653 1149 imago.

10 1181 36 1223 ἒξ)
54 1166 127 1237 ‘quid
141 1175 187 1222 tihi
200 1190 278 1235 nunc,
294 1175 438 1224 miserande
449 1189 520 1237 puer,
533 1190 580 1238 pro
591 1175 710 1223 laudibus
717 1174 783 1233 istis,

58 1263 120 1324 quid
134 1264 191 1325 pius
204 1265 306 1313 Aeneas
320 1271 391 1314 tauta
404 1263 476 1311 dabit
488 1265 576 1312 indole
589 1263 714 1326 dignum?

59 1365 138 1409 arma,
155 1352 247 1414 quibus
259 1354 378 1412 laetatus,
398 1352 465 1401 habe
478 1359 536 1411 tua,
560 1359 636 1416 teque
650 1358 785 1415 parentum

58 1440 176 1488 manibus
190 1447 215 1489 et
227 1442 315 1501 cineri,
330 1442 406 1505 siqua
419 1449 457 1490 est
470 1457 500 1490 ea
514 1456 584 1501 cura,
600 1441 710 1490 remitto.

59 1528 109 1576 hoc
122 1535 207 1578 tamen
220 1530 312 1578 infelix
324 1531 445 1578 miseram
458 1530 576 1579 solabere
588 1537 712 1577 mortem:

10 1623 40 1666 30
59 1617 164 1665 Aeneae
176 1618 264 1678 magni
279 1619 371 1666 dextra
384 1612 474 1667 cadis’
499 1619 616 1681 increpat
628 1618 696 1664 ultro

60 1705 205 1752 cunctantis
218 1705 302 1752 socios
316 1712 341 1753 et
354 1712 421 1753 terra
434 1706 549 1753 sublevat
560 1706 654 1767 ipsum,

60 1792 187 1852 sanguiue
200 1799 344 1854 turpantem
358 1800 474 1855 comptos
488 1794 604 1840 demere
617 1791 734 1854 capillos.

96 1880 197 1928 Interea
210 1880 312 1940 genitor
324 1879 439 1928 Tiberini
453 1880 486 1928 ad
499 1880 611 1928 fluminis
625 1879 720 1927 undam

61 1969 166 2017 volnera
179 1968 293 2016 siccabat
305 1968 416 2031 lymphis
430 1983 574 2031 corpusque
588 1967 689 2017 levabat

10 2065 41 2108 35
62 2057 160 2105 arbon's
175 2057 283 2105 adclinis
297 2063 397 2106 trunca.
424 2057 515 2120 procul
529 2071 605 2106 aerea
617 2057 695 2105 ramis

62 2147 190 2209 dependet·
201 2146 278 2207 galea
290 2152 315 2194 et
326 2152 400 2210 prato
413 2146 502 2208 gravia
515 2160 587 2194 arma
600 2145 743 2208 quiescunt.

62 2242 131 2282 stant
143 2235 201 2283 lecti
216 2235 312 2283 circum
324 2235 443 2284 iuvenes:
465 2235 520 2298 ipse
533 2249 618 2297 aeger,
634 2233 768 2293 anhelans,

63 2324 131 2371 colla
143 2323 220 2382 fovet,
236 2322 306 2371 susus
319 2337 459 2386 propexam
472 2323 500 2371 in
513 2330 616 2387 pectore
630 2322 752 2383 harham3

63 2413 144 2459 multa
157 2426 233 2474 super
245 2411 332 2460 Lauso
346 2411 441 2473 rogitat
453 2412 614 2474 multumque
626 2411 733 2459 remittit

10 2506 43 2548 40
64 2501 107 2562 qui
121 2507 241 2549 revocent
253 2500 396 2563 maestique
408 2499 493 2548 ferant
504 2501 628 2548 mandata
639 2500 760 2562 parentis.

64 2595 90 2636 at
102 2588 216 2638 Lausum
229 2589 292 2638 socii
305 2587 452 2638 exanimem
464 2602 542 2651 super
554 2602 627 2636 arma
639 2587 755 2636 ferebant

64 2677 161 2736 flentes,
176 2678 306 2740 ingentem
320 2684 398 2740 atque
409 2676 509 2739 ingenti
521 2677 630 2724 volnere
639 2676 744 2721 nicam

62 2766 185 2827 adgnovit
195 2767 275 2831 longe
286 2766 418 2831 gemitum
429 2779 571 2834 praesaga
578 2760 654 2812 mah
661 2767 758 2805 mens.
