1808 2956
236 111 383 150 Aruernos
403 110 491 149 LIBER
507 111 561 150 xn.
739 102 799 149 495

72 268 118 332 qui
131 267 179 315 sibi
192 267 245 315 iam
257 268 372 330 requiem
385 283 488 331 pugnae
502 267 628 330 rebusque
641 268 751 316 salutem

73 356 221 420 sperabant,
242 371 310 404 nunc
324 372 396 405 arma
408 359 498 405 volunt
510 357 652 418 foedusque
664 366 802 418 precantur

73 445 198 493 infectum
211 452 236 492 et
249 445 329 492 Turni
343 456 437 494 sortem
450 446 604 493 miserantur
617 445 742 507 iniquam.

36 585 38 589 ,
73 535 114 582 his
129 534 198 582 aliud
213 534 296 581 maius
309 534 417 581 Iuturna
429 534 548 594 adiungit
561 542 586 581 et
598 533 650 581 alto

28 630 52 672 l5
69 624 119 670 «dat
132 623 234 683 signum
248 623 321 670 caelo
336 637 387 684 quo
401 636 453 669 non
466 621 625 684 praesentius
639 622 721 668 ullum

74 710 185 759 turbavit
197 719 294 758 mentes
308 710 387 759 Italas
400 719 567 772 monstroque
582 710 679 757 fefellit.

74 814 187 861 namque
200 800 289 847 volans
302 799 380 846 rubra
392 799 475 846 fulvos
488 799 554 847 Iovis
569 800 620 846 ales
634 799 660 845 in
675 799 764 847 aethre

76 889 179 937 litoreas
193 888 308 949 agitabat
321 902 379 936 aves
393 886 546 949 turbamque
559 896 694 935 sonantem

76 977 186 1038 agminis
200 977 299 1038 aligeri,
316 975 400 1023 subito
415 991 473 1022 eum
486 977 573 1038 lapsus
588 977 618 1022 ad
633 977 715 1023 undas

28 1050 62 1116 30⁵
76 1081 185 1128 cycnum
198 1066 366 1113 excellentem
379 1064 487 1126 pedibus
500 1064 567 1126 rapit
582 1064 706 1126 inprobus
720 1065 801 1112 uncis.

76 1169 193 1202 arrexere
207 1154 306 1201 animos
320 1153 379 1200 Itali
393 1161 552 1215 cunctaeque
564 1155 680 1201 volueres

77 1250 228 1292 convertunt
241 1243 354 1289 elamore
367 1241 455 1302 fugam
469 1241 598 1304 (mirabile
611 1241 678 1305 visu)

76 1332 232 1393 aetheraque
246 1330 385 1378 obscurant
401 1330 487 1391 pinnis
507 1330 658 1392 hostemque
671 1344 716 1392 per
729 1345 805 1378 auras

77 1422 147 1468 faeta
159 1419 226 1467 nube
239 1426 367 1480 premunt,
384 1418 466 1466 donee
480 1419 502 1464 vi
516 1419 596 1466 rictus
611 1419 703 1480 etipse

28 1516 56 1559 55
79 1507 191 1568 pondere
206 1506 298 1552 defecit
311 1507 485 1568 praedamque
498 1521 529 1554 ex
543 1507 670 1567 unguibus
684 1508 737 1554 ales

79 1593 188 1658 proiecit
200 1593 276 1640 fluvio
289 1593 442 1655 penitusque
455 1594 482 1640 in
495 1593 585 1641 nubila
598 1595 684 1656 fugit.¹

78 1692 132 1731 tum
145 1696 205 1730 vero
219 1681 355 1742 augurium
367 1680 456 1727 Rutuli
471 1681 584 1729 elamore
597 1683 711 1731 salutant

78 1772 269 1835 expediuntque
282 1783 383 1826 manue,
399 1769 547 1830 primusque
557 1770 710 1819 Tolumnius
724 1786 806 1833 augur

74 1851 135 1909 ‘hoe
149 1867 211 1919 erat,
227 1859 286 1917 hoo,
302 1849 376 1905 votis’
388 1856 472 1918 inquit
483 1857 561 1919 ‘quod
575 1873 651 1920 saepe
665 1859 750 1921 petivi.

28 1957 58 2000 50
78 1950 188 2012 accipio,
204 1950 389 2010 adgnoscoque
403 1946 473 1992 deos.
501 1960 542 1993 me
556 1961 596 1994 me
609 1947 674 1994 duce
686 1948 782 1995 ferrum

78 2038 207 2100 corripite,
224 2052 238 2084 o
252 2036 348 2093 miseri,
365 2049 429 2097 quos
443 2033 567 2096 inprobus
581 2036 679 2083 advena
691 2035 761 2084 bello

79 2128 185 2185 territat,
201 2126 327 2174 invalidas
341 2131 369 2171 ut
382 2138 449 2181 aves,
465 2131 490 2171 et
503 2123 580 2170 litora
592 2131 675 2171 vestra

78 2216 101 2263 vi
115 2217 231 2278 populat.
259 2222 328 2277 petet
340 2214 385 2261 ille
399 2213 487 2273 fugam
499 2212 653 2274 penitusque
666 2213 794 2275 profundo

78 2305 135 2352 vela
148 2305 227 2351 dabit.
255 2318 299 2350 ros
313 2295 428 2350 unanimi
444 2302 549 2349 densato
563 2309 685 2359 catervas,

28 2398 57 2441 55
78 2400 103 2440 et
116 2406 202 2452 regem
216 2391 286 2439 vobis
301 2407 388 2454 pugna
402 2390 531 2438 defendite
544 2382 665 2452 raptnm'

78 2481 144 2539 dixit
156 2488 181 2527 et
194 2481 313 2527 adversos
327 2481 406 2527 telum
420 2481 545 2527 contorsit
558 2480 584 2526 in
601 2480 684 2526 hostis

73 2583 244 2630 procurrens3
265 2569 382 2618 sonitum
397 2571 445 2618 dat
461 2571 580 2619 stridula
593 2578 697 2616 cornus
713 2569 745 2608 et
761 2564 849 2600 aum
