1808 2956
64 144 128 191 234
306 153 332 192 Ρ.
349 153 471 192 l'llliGILl
491 153 622 193 Maronis

134 309 237 358 Italiam
249 310 345 372 Lyciae
357 311 454 358 iussere
467 325 599 373 capessere
613 317 709 370 sortes3

134 397 177 446 hic
191 413 271 456 amor,
288 398 352 447 haec
365 399 449 462 patria
462 407 507 447 est.
534 399 555 446 si
570 407 594 446 te
607 399 781 459 Karthaginis
796 417 868 450 arces

134 486 304 535 Phoenissam
315 486 480 548 Libycaeque
493 495 611 549 aspectus
626 488 721 535 detinet
736 489 820 549 urbis,

135 590 202 638 quae
215 576 320 623 tandem
333 575 451 622 Ausonia
463 574 577 623 Teucros
591 576 726 625 considere
739 585 811 627 terra

61 669 116 712 350
135 664 233 712 invidia
245 664 301 712 est?
319 671 345 712 et
357 679 404 712 nos
418 664 456 711 fas
470 671 558 711 extera
570 679 693 726 quaerere
705 679 798 726 regna.

134 768 175 801 me
188 754 268 816 patris
281 752 422 810 Anchisae,
438 753 556 814 quotiens
570 754 716 801 umentibus
731 755 832 804 umbris

134 857 188 890 nox
201 842 284 905 operit
297 848 386 899 terras,
402 841 520 903 quotiens
534 848 604 889 astra
617 842 694 903 ignea
706 852 829 904 surgunt,

135 931 257 979 admonet
270 931 297 977 in
310 931 408 978 somnis
421 937 446 978 et
458 929 561 976 turbida
573 937 650 978 terret
663 931 760 992 imago,

134 1033 175 1068 me
189 1033 252 1082 puer
264 1019 393 1067 Ascanius
407 1018 550 1080 capitisque
563 1019 658 1067 iniuria
671 1019 733 1077 cari,

60 1111 113 1156 355
134 1095 212 1170 quem
226 1121 307 1168 regno
320 1107 460 1170 Hesperiae
473 1106 565 1154 fraudo
579 1115 603 1156 et
616 1108 737 1156 fatalibus
752 1110 830 1158 arvis.

134 1209 203 1243 nunc
216 1195 295 1242 etiam
307 1195 431 1262 interpres
446 1195 540 1254 divom,
555 1197 615 1245 love
629 1198 722 1244 missus
736 1197 768 1244 ab
782 1199 842 1261 ipso
901 1188 902 1195 ἵ

134 1283 369 1346 (testorutrumque
377 1282 475 1344 caput),
492 1284 582 1332 celeris
595 1286 718 1333 mandata
728 1301 775 1348 per
787 1303 865 1337 auras

134 1372 242 1430 detulit3
262 1371 318 1433 ipse
331 1371 408 1418 deum
420 1373 557 1421 manifesto
570 1374 597 1420 in
611 1374 708 1422 lumine
721 1376 772 1422 vidi

133 1460 272 1509 intrantem
284 1475 372 1509 muros
385 1475 525 1523 vocemque
538 1462 578 1509 his
592 1441 696 1509 auribus
708 1463 794 1512 hausi.

60 1553 114 1597 360
134 1548 223 1598 desine
235 1564 328 1612 meque
341 1550 391 1596 tuis
404 1550 542 1599 incendere
555 1558 631 1613 teque
645 1551 781 1613 querellis:

132 1637 235 1687 Italiam
249 1653 301 1686 non
314 1646 406 1702 sponte
419 1631 531 1702 sequor?

168 1727 246 1776 Talia
259 1728 387 1776 dicentem
399 1728 543 1776 iandudum
557 1743 645 1776 aversa
658 1734 751 1787 tuetur,

133 1815 184 1864 huc
196 1817 260 1865 illuc
272 1818 376 1865 volvens
390 1818 488 1875 oculos,
504 1824 639 1879 totumque
652 1825 768 1879 pererrat

133 1903 273 1952 luminibus
287 1906 371 1953 tacitis
384 1906 459 1954 etsie
473 1920 582 1954 accensa
595 1905 720 1975 profatur.

61 1995 112 2040 ³⁶5
129 1981 189 2041 ‘nec
200 1992 246 2040 tibi
255 1994 313 2041 diva
322 2009 425 2056 parens,
441 1995 542 2055 generis
554 1993 747 2041 necDardanus
760 2003 860 2055 auctor,

132 2081 238 2143 perfide,
254 2082 299 2130 sed
313 2083 383 2130 duris
396 2083 487 2144 genuit
499 2090 524 2130 ta
537 2081 654 2130 cautibus
668 2081 776 2129 horrens

133 2167 265 2218 Caucasus
279 2170 466 2234 Hyrcanaeque
479 2172 617 2219 admorunt
629 2170 710 2218 ubera
723 2171 812 2231 tigres.

133 2273 193 2306 nam
212 2259 274 2320 quid
295 2260 429 2308 dissimulo
449 2268 494 2307 aut
512 2274 578 2321 quae
597 2274 638 2308 me
658 2260 690 2307 ad
709 2260 809 2308 maiora
823 2277 863 2310 re·
900 2288 902 2299 ι

434 2349 523 2397 servo?

132 2451 195 2485 num
207 2437 267 2486 fletu
281 2437 408 2498 ingemuit
419 2436 526 2484 nostro?
544 2452 607 2485 num
620 2438 719 2485 lumina
731 2438 820 2485 flexit?

61 2529 112 2575 370
131 2541 194 2573 num
213 2527 333 2574 lacrimas
353 2526 434 2573 victus
454 2526 525 2573 dedit
549 2533 593 2574 aut
616 2527 751 2575 miseratus
771 2542 861 2574 aman-

435 2614 531 2665 temstl
