1808 2956
277 193 426 232 AENEIDOS
446 193 533 231 LIBER
552 193 583 230 X.
771 182 807 228 41
820 183 838 227 5

51 358 84 400 3:¹1
107 358 204 399 vertere
218 350 287 396 iussa
301 357 443 411 potestant
456 363 500 396 eur
514 362 582 395 nova
594 349 705 396 condere
719 348 790 397 fata?

108 439 170 501 quid
184 447 298 500 repetam
312 445 415 486 exustas
427 437 539 498 Erycino
554 437 580 483 in
594 437 669 485 litere
684 438 787 496 classes,

108 527 169 589 quid
184 532 365 588 tempestatum
378 540 465 586 regem
477 531 618 586 ventosque
632 525 744 572 furentes

107 615 203 664 Aeolia
216 615 313 662 excitos
327 621 372 660 aut
384 620 469 661 aetam
482 613 594 660 nubibus
606 613 686 661 irim?

108 719 177 752 nurnc
191 703 269 752 etiam
282 717 371 750 manes
386 702 462 764 (haec
475 701 628 764 intemptata
642 701 764 749 manebat

14 774 16 779 Ι
54 799 88 840 40
108 807 163 840 sors
177 792 274 855 rerum)
288 798 372 838 movet
396 798 421 838 et
433 790 532 852 superis
546 790 652 838 inmissa
665 797 770 852 repente

108 882 221 940 Allecto,
237 881 335 928 medias
348 880 442 926 Italum
456 879 581 927 bacchata
595 893 640 940 per
653 877 737 924 urbes.

109 969 145 1016 nil
159 983 235 1030 super
247 968 356 1030 imperio
370 982 489 1014 moveor:
512 967 668 1029 speravimus
682 967 740 1024 ista,

111 1057 172 1103 (lum
185 1056 288 1103 fortuna
301 1057 365 1114 fuit;
385 1057 489 1103 vincant
502 1071 567 1118 ques
581 1056 681 1102 vincere
694 1053 783 1101 mavis,

111 1145 131 1191 si
145 1144 218 1191 nulla
230 1150 269 1192 est
281 1145 361 1204 regio,
376 1145 483 1192 Teucris
497 1159 576 1207 quam
589 1144 632 1191 det
644 1150 689 1190 tua
702 1142 818 1190 coniunx

57 1238 91 1280 45
113 1233 185 1289 dura,
201 1246 246 1293 per
259 1246 369 1291 eversae,
384 1233 494 1294 genitor,
510 1232 636 1279 laniantia
649 1231 744 1280 Troiae

112 1320 215 1368 excidia
227 1320 350 1379 obtestor,
366 1321 443 1369 liceat
456 1321 583 1369 dimittere
597 1320 628 1366 ab
643 1319 720 1367 armis

110 1410 267 1458 incolumem
280 1409 431 1467 Ascanium,
448 1409 524 1457 liceat
537 1422 669 1470 superesse
683 1415 813 1470 nepotem.

110 1499 213 1545 Aeneas
227 1511 289 1544 sane
302 1497 398 1557 ignotis
411 1497 519 1544 iactetur
532 1497 558 1542 iu
571 1497 657 1554 undis,

111 1592 136 1632 et
149 1598 339 1646 quamcumque
353 1585 419 1631 viam
433 1583 532 1631 dederit
544 1584 660 1631 Fortuna
672 1592 809 1646 sequatur:

59 1679 91 1719 50
111 1672 181 1719 hunc
195 1678 281 1730 tegere
294 1679 319 1718 et
332 1671 403 1718 dirae
415 1671 515 1718 valeam
528 1670 671 1718 subducere
685 1686 796 1732 pugnae.

112 1766 151 1806 est
163 1757 300 1817 Amathus,
321 1766 359 1806 est
372 1759 441 1806 celsa
453 1757 558 1819 Paphus
573 1765 649 1818 atque
663 1759 716 1804 alta
730 1757 845 1820 Cythera.

111 1847 263 1907 Idaliaeque
276 1847 382 1893 domus:
405 1845 495 1908 positis
507 1846 635 1906 inglorius
648 1846 725 1893 armis

112 1936 201 1997 exigat
214 1934 255 1981 hic
269 1949 368 1982 aevom.
394 1949 490 1995 magna
504 1934 605 1981 dicione
618 1933 704 1982 iubeto

111 2025 247 2085 Karthago
261 2029 360 2085 premat
372 2023 531 2070 Ausoniam:
553 2022 619 2070 nihil
633 2022 738 2070 urbibus
753 2023 815 2070 inde

59 2121 91 2163 55
113 2113 225 2162 obstabit
238 2112 331 2174 Tyriis.
360 2111 422 2174 quid
435 2119 532 2174 pestem
546 2113 652 2159 evadere
665 2111 725 2159 belli

112 2204 175 2250 iuvit
189 2209 214 2250 et
225 2201 365 2262 Argolicos
379 2200 492 2248 medium
505 2200 601 2262 fugisse
615 2213 660 2262 per
673 2200 755 2261 ignes,

112 2299 201 2352 totque
214 2289 294 2337 maris
306 2296 443 2350 vastaeque
457 2288 582 2336 exhausta
595 2289 710 2351 pericula
723 2295 814 2344 terrae,

113 2380 174 2425 dum
193 2378 297 2425 Latium
317 2377 410 2426 Teucri
435 2377 597 2439 recidivaque
616 2377 744 2437 Pergama
764 2390 844 2438 quae-

414 2465 488 2513 runt?

112 2570 165 2601 nen
179 2555 257 2602 satius
271 2555 369 2602 cineres
383 2555 481 2616 patriae
495 2554 618 2602 insedisse
632 2565 768 2613 supremos

60 2650 92 2691 60
112 2651 189 2703 atque
200 2643 284 2690 solum
300 2658 351 2706 quo
361 2643 443 2694 Troia
456 2643 523 2693 lutat
535 2641 687 2692 nannum
695 2634 881 2682 astansem
