1808 2956
341 117 460 158 ECLOGA
478 119 518 158 lv.

323 384 473 440 ECLOGA
489 387 537 439 IV.

381 542 479 581 POLIO.

102 716 230 766 Sicelides
243 734 340 778 musae,
355 719 444 782 paullo
457 719 557 767 maiore
570 733 702 767 canamus.

85 795 88 798 ⁴
102 821 156 854 non
171 807 254 854 omnis
268 807 372 855 arbusta
384 808 473 855 iuvant
485 807 646 869 humilesque
660 807 788 869 myricae;

104 896 125 942 si
140 896 256 942 canimus
270 896 355 954 silvas,
371 896 450 943 silvae
463 896 514 942 sint
527 895 633 944 consule
646 896 749 956 dignae.

139 984 238 1032 Ultima
251 977 356 1046 Cymaei
370 985 439 1032 venit
451 985 504 1032 iam
518 983 638 1032 carminis
652 990 737 1043 aetas;

69 1078 82 1120 5
103 1087 215 1133 maguus
230 1072 261 1119 ab
275 1073 375 1136 integro
389 1074 534 1120 saeclorum
546 1072 660 1120 nascitur
673 1071 745 1119 ordo.

105 1162 159 1208 iam
173 1161 239 1208 redit
251 1168 276 1209 et
288 1160 369 1223 virgo,
385 1161 494 1209 redeunt
507 1158 628 1208 Saturnia
641 1174 736 1221 regna;

104 1250 159 1296 iam
172 1263 238 1297 nova
250 1249 385 1312 progenies
400 1250 471 1297 caelo
485 1249 625 1297 demittitur
639 1250 700 1296 alto.

105 1346 133 1385 tu
147 1337 225 1384 modo
239 1338 354 1386 nascenti
368 1352 457 1400 puero,
474 1352 525 1400 quo
539 1337 621 1386 ferrea
633 1338 745 1400 primum

106 1427 208 1474 desinet
220 1441 250 1474 ac
263 1434 316 1474 toto
330 1433 417 1488 surget
429 1440 491 1487 gens
506 1441 583 1474 aurea
595 1427 702 1485 mundo,

55 1522 87 1563 10
107 1523 180 1564 casta
192 1515 249 1563 save
261 1515 376 1563 Lucina:
398 1499 521 1562 tuus'iam
533 1521 625 1576 regnat
637 1515 743 1577 Apollo.

108 1612 184 1665 teque
198 1605 262 1652 adeo
276 1604 353 1651 decus
367 1603 417 1651 hoc
430 1603 493 1662 aevi,
510 1611 534 1652 te
547 1604 662 1662 consule,
677 1604 761 1661 inibit,

107 1692 193 1750 Polio,
209 1699 234 1739 et
246 1693 371 1754 incipient
382 1692 470 1753 magni
484 1693 623 1755 procedere
635 1708 750 1751 menses;

108 1788 132 1826 te
147 1780 220 1838 duce,
236 1781 311 1842 siqua
323 1788 430 1828 manent
441 1782 544 1829 sceleris
557 1782 665 1842 vestigia
678 1782 768 1841 nostri,

107 1869 187 1915 inrita
199 1876 322 1931 perpetua
335 1870 435 1916 solvent
448 1869 583 1918 formidine
597 1877 686 1918 terrast

57 1963 87 2004 15
108 1957 153 2004 ille
168 1957 244 2004 deum
256 1957 334 2004 vitam
348 1958 458 2020 accipiet
471 1958 585 2020 divisque
598 1959 694 2007 videbit

108 2045 251 2108 permixtos
265 2045 356 2093 heroas
370 2047 461 2108 etipse
474 2047 601 2094 videbitur
613 2048 665 2095 illis

109 2141 281 2196 pacatumque
294 2141 366 2195 reget
377 2135 467 2197 patriis
480 2135 615 2182 virtutibus
629 2137 726 2184 orbem.

109 2230 136 2269 at
149 2222 195 2269 tibi
209 2222 300 2284 prima,
315 2238 387 2285 puer,
403 2208 475 2271 nullo
488 2225 643 2272 munuscula
656 2227 726 2273 cultu

109 2311 219 2358 errantis
232 2310 339 2358 hederas
352 2312 448 2373 passim
462 2327 519 2359 cum
532 2311 660 2360 baccharc
673 2314 749 2361 tellas

56 2404 88 2446 20
108 2399 243 2461 mixtaque
255 2400 349 2447 ridenti
363 2401 493 2448 colocasia
506 2401 595 2448 fundet
607 2401 727 2449 acantho.

108 2488 182 2550 ipsae
195 2488 261 2535 lacte
275 2488 380 2535 domum
394 2488 504 2536 referent-
517 2490 627 2537 distenta
640 2490 755 2551 capellae

107 2575 190 2624 ubera
203 2590 250 2624 nec
262 2591 371 2638 magnos
384 2584 499 2626 metuent
511 2586 630 2628 armenta
639 2581 744 2630 leones.
