1808 2956
107 174 168 219 414
347 183 373 220 Ρ.
391 181 512 221 veaclnl
533 180 664 220 Maeonis

178 338 297 386 adveniet
309 338 404 386 iustum
417 353 529 400 pugnae,
545 353 577 386 ne
591 338 720 396 arcessite,
737 346 849 401 tempus,

179 442 238 475 cum
252 427 305 475 sera
318 426 454 488 Karthago
467 426 590 473 Romanis
605 426 706 473 arcibus
721 427 786 474 olim

178 515 285 562 exitium
298 529 422 576 magnum
436 523 513 577 etque
525 515 607 576 Alpes
621 514 733 562 inmittet
745 523 864 577 apertas:

178 612 232 650 tum
246 612 343 651 certare
358 604 433 662 odiis,
450 612 504 650 tum
518 618 557 651 res
571 603 687 665 rapuisse
702 603 719 650 1·’
723 603 801 652 eebit.

127 697 157 739 15
178 706 246 739 nune
259 691 334 739 sinite
348 699 373 740 et
386 692 511 754 placitum
524 692 584 740 laeti
599 693 740 754 conponite
753 685 866 741 i'oedus.'

210 781 321 842 luppiter
339 781 403 828 haee
416 781 521 843 paucis:
537 788 563 828 at
576 795 629 828 non
636 781 726 828 Venus
733 795 815 829 aurea
822 789 893 830 eentr

178 884 261 931 pauco
274 869 358 917 refert.

174 947 201 1004 ‘o
215 967 296 1019 pater,
315 972 330 1004 o
344 957 478 1004 homiuum
492 971 628 1018 rerumque
642 963 747 1005 aeterua
760 966 875 1019 potestas

178 1046 302 1108 (namque
322 1046 391 1092 aliud
411 1045 472 1107 quid
490 1045 523 1092 sit
537 1045 605 1107 quod
620 1045 672 1092 iam
684 1045 820 1107 inplorare
834 1061 895 1110 quea

478 1133 574 1196 musi),

124 1227 159 1268 90
180 1222 262 1269 cernis
277 1229 304 1268 ut
317 1222 442 1270 insultent
454 1221 542 1269 Rutuli
556 1222 710 1284 Turnusque
724 1221 823 1271 seratur

178 1325 223 1372 per
236 1311 334 1357 medios
348 1311 457 1371 insignis
471 1311 543 1372 equis
557 1310 722 1373 tumidusque
736 1313 854 1360 seeundo

178 1399 260 1446 Morte
278 1398 353 1446 ruat?
372 1414 425 1445 nou
445 1401 533 1447 clausa
550 1406 640 1459 tegunt
659 1398 711 1446 iam
725 1402 832 1449 moenia
844 1401 895 1449 Teu

480 1502 552 1535 eros:

179 1575 241 1638 quin
256 1577 324 1624 intra
337 1583 424 1639 portas
438 1585 514 1639 atque
528 1576 590 1638 ipsis
604 1575 704 1638 proelia
717 1576 828 1625 miscent

179 1664 315 1726 aggeribus
329 1680 462 1712 murorum
475 1673 500 1714 ot
512 1665 639 1713 inundant
652 1664 779 1726 sanguine
793 1666 887 1716 fossae.

126 1757 158 1799 25
177 1754 280 1801 Aeneas
294 1753 399 1814 ignarus
414 1753 494 1801 abest.
522 1768 698 1815 numquamne
711 1754 792 1802 levari

178 1841 313 1889 obsidione
327 1841 412 1889 sines?
432 1843 511 1889 muris
525 1842 616 1889 iterum
630 1842 747 1891 imminet
760 1842 844 1892 hostis

177 1930 306 1978 noscentis
319 1929 414 1977 Troiae
428 1945 475 1978 nee
490 1945 541 1977 uon
555 1931 681 1978 exercitus
696 1931 760 1978 alter

178 2026 255 2079 atque
275 2017 366 2066 iterum
383 2018 409 2065 in
423 2018 537 2066 Teucros
550 2020 651 2067 Aetolis
664 2028 753 2080 surget
766 2020 798 2067 ab
812 2023 892 2085 Arpis

177 2105 299 2167 Tydides.
327 2107 446 2168 equidem
461 2109 546 2166 eredo,
562 2123 620 2155 mea
633 2109 738 2156 volnera
751 2119 851 2159 restant

124 2199 157 2241 30
178 2201 202 2240 et
216 2201 260 2240 tua
272 2195 408 2255 progenies
422 2197 543 2243 mortalia
556 2197 677 2244 demoror
690 2212 771 2244 arma.

178 2282 198 2329 si
212 2282 267 2330 sine
281 2298 344 2345 paee
357 2292 400 2330 tua
415 2292 491 2346 atque
504 2285 585 2332 invito
599 2285 705 2332 numine
718 2285 801 2334 Troes

177 2370 281 2418 Italiam
294 2372 399 2434 petiere,
415 2373 488 2420 luunt
502 2381 608 2434 peecata
621 2389 704 2435 neque
717 2374 779 2422 illos

178 2459 270 2507 iuveris
284 2462 398 2509 auxilio:
420 2462 460 2508 sin
474 2470 512 2508 tot
524 2477 648 2524 responsu
661 2463 752 2521 secuti,

178 2563 244 2611 quoe
262 2550 347 2614 superi
360 2564 501 2612 monesque
514 2550 619 2609 dabant,
640 2566 685 2599 cur
698 2566 768 2599 nune
781 2560 829 2601 tue
841 2555 896 2616 quia

486 2655 568 2705 quam

62 2722 148 2783 k
