1808 2956
281 189 428 228 AENEIDOS
446 191 532 227 LIBER
549 191 592 228 xl.
771 181 827 227 45l

55 353 87 394 to
107 354 135 393 ut
147 346 209 393 vidit
223 345 323 407 levique
338 356 428 408 patens
442 347 468 393 in
482 354 585 408 pectore
598 347 689 394 volnus

108 435 220 496 cuspidis
234 435 375 491 Ausoniae,
392 435 504 482 lacrimis
518 435 554 483 ita
567 435 635 481 fatur
648 433 753 482 obortis.

104 513 181 571 ‘tene'
194 523 287 584 inquit,
300 512 456 570 ‘miserande
469 538 541 585 puer,
558 539 616 571 eum
629 524 697 572 laeta
709 523 816 582 veniret,

107 612 198 659 invidit
210 612 324 658 Fortuna
337 611 409 669 mihi,
426 626 458 659 ne
471 625 552 672 regna
564 611 663 659 videres

84 742 86 746 .
108 709 196 748 nostra
209 715 292 762 neque
306 701 338 748 ad
352 701 424 748 sedes
437 700 519 747 victor
531 700 650 747 veherere
663 700 800 762 paternas?

54 795 86 836 45
107 805 160 836 non
174 789 237 837 haee
250 788 372 835 Euandro
387 789 418 835 de
431 795 455 836 te
469 789 595 851 promissa
607 788 707 850 parenti

108 878 241 925 discedens
256 877 386 935 dederam,
402 892 460 924 eum
473 891 514 925 me
528 877 669 939 conplexus
683 883 784 925 euntem

108 966 218 1013 mitteret
230 965 256 1011 in
266 980 390 1026 magnum
400 965 536 1028 imperium
546 974 713 1028 metuensque
720 971 839 1013 moneret

108 1055 173 1102 acris
187 1069 241 1102 esse
254 1055 331 1112 viros,
347 1069 405 1101 cum
419 1055 483 1101 dura
495 1054 595 1116 proelia
607 1061 691 1115 geute.

109 1151 134 1190 et
146 1157 215 1190 nunc
227 1143 270 1190 ille
285 1143 389 1205 quidem
402 1158 447 1205 spe
460 1143 570 1190 multum
584 1149 673 1204 captus
687 1142 758 1190 inani

57 1237 90 1278 50
109 1231 160 1277 fors
175 1239 199 1278 et
211 1241 270 1278 vota
282 1232 344 1280 lacit
357 1232 523 1293 cumulatque
537 1231 629 1280 altaria
643 1231 734 1290 donis3

109 1334 156 1366 nos
169 1319 286 1367 iuvenem
299 1321 447 1368 exanimum
460 1327 484 1368 et
497 1321 534 1367 nil
547 1320 599 1368 iam
613 1319 765 1368 caelestibus
776 1317 838 1365 ullis

109 1408 244 1456 debentem
257 1424 323 1457 vano
336 1410 427 1457 maesti
441 1409 594 1457 comitamur
608 1408 715 1456 honore.

108 1498 207 1555 infelix,
223 1498 277 1544 nati
291 1498 367 1544 funus
381 1498 485 1545 crudele
497 1497 610 1545 videbis!

109 1586 135 1631 hi
149 1585 228 1631 nostri
242 1585 338 1631 reditus
353 1585 532 1647 expectatique
545 1584 685 1646 triumphi?

57 1680 88 1720 55
109 1674 173 1720 haee
186 1687 243 1720 mea
257 1671 439 1732 magnatides?
459 1679 554 1728 aenon,
569 1671 699 1729 Euandre,
709 1671 838 1733 pudendis

109 1759 256 1807 volneribus
270 1759 373 1821 pulsum
387 1758 495 1820 aspicies
509 1773 556 1805 nec
570 1759 665 1819 sospite
679 1758 763 1806 dirum

111 1848 211 1911 optabis
225 1855 286 1895 neto
300 1847 376 1893 sunus
390 1853 471 1908 pater.
499 1847 520 1893 ei
535 1845 608 1903 mihi,
624 1854 749 1907 quantum

110 1937 267 2000 praesidium
279 1935 398 1983 Ausonia
411 1941 436 1982 et
449 1940 574 1996 qnantum
588 1941 614 1980 tu
628 1934 722 1996 perdis,
737 1927 821 1982 Iulel'

145 2025 216 2074 Haec
229 2024 273 2072 ubi
287 2024 394 2082 deflevit,
410 2023 466 2071 tolli
480 2022 627 2070 miserabile
640 2037 733 2085 eorpus

58 2121 90 2162 ee
110 2117 219 2178 imperat
231 2122 256 2162 et
268 2120 322 2160 toto
336 2115 415 2161 lectos
429 2126 461 2160 ex
475 2112 578 2173 agmine
591 2111 668 2158 mittit

110 2204 181 2251 mille
194 2204 260 2250 viros
275 2202 319 2263 qni
332 2217 479 2264 supremum
492 2201 646 2250 comitentur
659 2200 785 2248 honorem

109 2292 278 2353 intersintque
291 2290 371 2353 patris
385 2289 506 2348 lacrimis,
522 2288 620 2338 solacia
632 2289 715 2337 luctus

111 2380 206 2440 exigua
217 2380 338 2441 ingentis,
354 2379 448 2427 misero
461 2379 505 2426 sed
519 2377 606 2425 debita
618 2377 693 2439 patri.

111 2468 180 2515 haud
193 2482 284 2529 segnes
298 2468 342 2515 alii
356 2473 438 2515 crates
452 2473 477 2514 et
489 2466 568 2513 molle
581 2465 702 2514 feretrum

59 2562 90 2604 65
111 2555 222 2604 arbuteis
237 2564 327 2605 texunt
338 2556 416 2618 virgis
430 2562 455 2603 et
466 2554 561 2602 vimim
574 2568 673 2616 querno

111 2653 291 2708 extructosque
305 2653 375 2693 toros
390 2644 503 2694 obtentu
514 2643 623 2692 lroud'xs
632 2637 813 2737 inumbrass-

648 2720 692 2767 ‘lb
