1808 2956
245 203 392 244 Annulnos
411 207 497 244 LIBER
514 208 567 245 Xll.
740 200 798 245 519

76 358 145 406 alitis
158 359 185 406 in
199 374 291 421 parvae
304 361 416 409 subitam
430 363 539 410 collecta
552 363 669 424 figuram,

77 461 143 510 quae
157 449 289 510 quondam
301 449 328 496 in
342 449 422 496 bustis
436 457 480 497 aut
493 451 647 498 culminibus
661 452 767 500 desertis

77 542 152 584 noete
166 536 257 584 sedens
271 551 355 585 serum
368 538 437 586 canit
449 539 590 600 inportuna
602 553 647 601 per
661 539 773 598 umbras,

28 630 55 673 35
76 625 144 672 hane
157 640 230 673 versa
242 627 267 672 in
282 626 373 674 faciem
386 625 467 672 Turni
481 640 508 673 se
520 627 597 688 pestis
611 627 644 674 ob
658 642 704 674 ora

76 712 176 776 fertque
188 713 316 776 refertque
330 728 424 762 sonans
436 715 599 777 clipeumque
607 715 737 764 everberat
744 716 799 763 alis.

76 802 114 849 illi
129 801 244 850 membra
257 816 337 849 novos
350 803 426 850 solvit
438 803 575 851 formidine
589 810 684 864 torpor,

77 896 241 953 arrectaeque
255 890 361 939 horrore
375 905 472 948 comae,
488 897 513 938 et
522 905 572 937 vox
583 891 698 938 saucibus
709 891 800 939 haesit.

77 987 103 1026 at
115 980 205 1041 procul
221 987 248 1026 ut
259 969 338 1027 Dirae
352 979 488 1027 stridorem
500 980 624 1041 adgnovit
637 986 661 1027 et
674 981 737 1038 alas,

28 1073 57 1117 to
77 1067 168 1116 infelix
181 1068 258 1115 crinis
271 1068 366 1115 scindit
378 1068 485 1116 Iuturna
498 1068 605 1126 solutos,

76 1157 205 1217 unguibus
220 1172 265 1203 ora
278 1171 351 1204 soror
364 1157 470 1204 foedans
484 1165 509 1205 et
521 1164 626 1218 pectora
638 1157 740 1218 pugnis.

73 1235 146 1307 ‘quid
161 1259 230 1293 nunc
243 1253 268 1293 te
281 1252 333 1303 tua,
349 1244 444 1302 Turne,
466 1252 550 1306 potest
562 1258 686 1304 germana
697 1245 803 1293 iuvare?

77 1342 121 1381 aut
140 1335 200 1396 quid
219 1335 270 1382 iam
284 1336 362 1382 durae
380 1340 483 1396 superat
496 1333 576 1380 mihi?
596 1348 647 1395 qua
659 1333 705 1380 tibi
718 1334 803 1381 lucem

77 1430 131 1469 arte
145 1423 246 1469 morer?
266 1423 329 1470 talin
342 1437 448 1484 possum
460 1435 500 1469 me
514 1434 644 1483 opponere
657 1421 791 1468 monstro?

28 1517 55 1560 75
77 1510 127 1555 iam
141 1509 193 1555 iam
207 1511 296 1570 linquo
311 1511 386 1559 acics.
414 1525 446 1558 ne
459 1524 500 1558 me
513 1517 605 1558 terrete
618 1509 758 1568 timentem,

77 1595 204 1642 obscenae
217 1597 346 1645 volucres:
368 1599 468 1645 alarum
480 1598 585 1645 verbera
597 1611 678 1645 nosco

77 1685 232 1745 letalemque
245 1698 346 1742 sonum,
362 1699 409 1732 uec
422 1685 516 1732 fallunt
528 1687 597 1732 iussa
610 1686 721 1747 superba

77 1771 235 1834 magnanimi
249 1771 324 1817 lovis.
354 1772 417 1820 haec
430 1787 477 1834 pro
489 1774 635 1834 virginitate
648 1772 767 1835 reponit?

76 1877 128 1925 quo
141 1862 218 1908 vitam
238 1859 309 1906 dedit
326 1860 474 1907 aeternam?
493 1876 538 1908 cur
556 1862 645 1909 mortis
659 1862 804 1922 ademptast

28 1959 55 2002 30
76 1950 214 1999 condicio?
233 1962 333 2010 possem
347 1954 432 1994 tantos
446 1949 519 1996 finire
532 1949 634 1997 dolores

77 2054 145 2087 nnnc
163 2047 230 2087 certe
248 2045 273 2085 et
290 2037 384 2084 misero
398 2036 468 2082 fratri
483 2051 568 2083 comes
581 2037 617 2084 ire
630 2051 676 2098 per
689 2035 800 2083 umbras.

75 2128 220 2174 inmortalis
234 2126 299 2188 ego?
319 2133 363 2174 aut
377 2124 514 2187 quicquam
529 2124 591 2171 mihi
603 2125 678 2172 dulce
687 2138 802 2172 meorum

76 2222 100 2264 te
113 2217 177 2274 sine,
193 2216 279 2273 frater,
296 2214 360 2262 erit?
379 2227 475 2275 oquae
489 2212 550 2258 satis
564 2212 616 2259 alta
629 2212 744 2260 dehiscat

76 2312 144 2352 terra
157 2304 219 2351 mihi
234 2305 369 2365 manisque
383 2303 458 2349 deam
472 2301 589 2348 demittat
602 2300 634 2346 ad
648 2294 745 2348 imosl’

28 2397 55 2442 35
76 2400 175 2440 tantum
189 2393 266 2442 effata
279 2399 356 2454 caput
368 2392 461 2452 glauco
476 2389 590 2437 contexit
603 2389 706 2446 amictu,

76 2481 156 2528 multa
169 2495 283 2541 gemens,
300 2488 363 2528 etse
376 2480 452 2526 fluvio
467 2480 515 2527 dea
529 2477 644 2525 condidit
657 2478 719 2523 alto.

111 2571 213 2617 Aeneas
227 2570 305 2617 instat
317 2576 407 2616 contra
420 2569 551 2630 telumque
565 2573 690 2614 coruscat

71 2657 163 2717 ingens
176 2657 318 2708 arboreum
332 2666 357 2709 et
370 2674 452 2709 saeuo
466 2659 506 2708 sic
517 2663 637 2721 pectore
645 2651 735 2696 taum.
