1808 2956
268 195 416 233 Aruernos
435 196 522 233 arnna
539 197 581 233 rx.
761 189 821 235 395

93 340 266 398 ‘absistamus'
280 350 330 397 ait:
347 339 418 398 ‘nam
432 350 478 398 lux
490 351 595 398 inimica
608 352 774 414 propinquat.

97 453 239 502 poenarum
265 438 419 486 exhaustum
445 439 506 486 satis
537 446 590 497 est;
621 439 662 486 via
686 438 754 487 sucta
778 455 825 502 per

398 518 506 574 hostes.'

48 622 76 664 55
97 617 178 664 multa
190 616 272 663 virum
286 616 370 664 solido
385 621 491 676 argento
505 615 618 678 perlecta
631 615 760 663 relincunt

96 703 219 767 armaque
233 712 396 765 craterasque
409 704 485 751 simul
499 703 673 766 pulchrosque
686 711 794 766 tapetas.

95 793 222 855 Euryalus
237 793 357 856 phaleras
370 792 521 840 Rhamnetis
535 799 560 839 ct
572 805 650 840 aurea
663 792 741 840 bullis

97 882 210 943 cingula,
226 882 328 930 Tiburti
342 881 452 928 Remulo
466 881 606 929 ditissimus
620 881 683 928 olim

97 984 163 1030 quae
176 971 254 1017 mittit
267 971 344 1027 dona,
360 969 472 1032 bospitio
487 984 545 1016 cum
557 969 675 1029 iungeret
687 969 789 1028 absens,

48 1062 77 1103 50
98 1053 241 1116 Caedicus3
256 1059 301 1106 ille
314 1072 360 1105 suo
374 1058 486 1106 moriens
499 1058 544 1105 dat
557 1057 652 1106 habere
665 1058 770 1119 nepoti;
785 1084 790 1089 -

98 1151 155 1207 post
168 1152 276 1193 mortem
290 1145 359 1193 bello
372 1146 461 1193 Rutuli
474 1159 613 1208 pugnaque
627 1146 715 1209 potiti:

97 1233 161 1281 haec
174 1234 241 1296 rapit
254 1241 331 1295 atque
344 1234 438 1282 umeris
452 1234 610 1296 nequiquam
623 1234 731 1282 fortibus
742 1242 823 1297 aptat.

97 1327 151 1367 tum
163 1323 266 1382 galeam
278 1322 390 1384 Messapi
403 1322 517 1371 habilem
531 1323 664 1384 cristisque
678 1323 802 1371 docorum

96 1410 190 1458 induit.
217 1412 346 1459 excedunt
358 1411 447 1458 castris
461 1418 486 1459 et
498 1417 553 1458 tuta
566 1418 710 1472 capessunt.

48 1503 76 1546 55
132 1498 232 1547 interca
245 1498 378 1560 praemissi
393 1499 490 1560 equites
505 1513 536 1547 ex
549 1498 611 1546 urbe
624 1498 727 1558 Latina,

98 1593 181 1635 cetera
194 1587 255 1632 dum
269 1587 338 1647 legio
353 1586 449 1647 campis
463 1587 587 1634 instructa
599 1594 723 1645 moratur,

98 1674 170 1719 ibant
183 1682 208 1720 et
220 1674 308 1720 Turno
323 1665 382 1734 regi
390 1688 515 1735 responsa
527 1673 651 1730 ferebant,

98 1768 248 1819 tercentum,
265 1761 357 1809 scutati
371 1775 468 1819 omnes,
484 1761 624 1808 Volscente
637 1761 770 1822 magistro.

97 1849 202 1911 iamque
220 1848 430 1911 propinquabant
447 1849 536 1896 castris
555 1863 681 1911 muroque
694 1848 824 1911 subibant,

48 1943 78 1987 70
98 1953 156 1986 cum
171 1939 262 2001 procul
275 1937 322 1984 bos
336 1937 410 1984 laevo
422 1937 546 1985 flectentis
560 1937 640 1985 limite
654 1945 762 1986 cernunt

97 2033 122 2073 et
134 2026 210 2087 galea
223 2026 364 2088 Euryalum
377 2025 499 2073 sublustri
512 2025 595 2073 noctis
609 2024 636 2072 in
648 2025 739 2074 umbra

97 2114 211 2175 prodidit
224 2115 393 2162 inmemorem
405 2114 536 2176 radiisque
551 2115 657 2162 adversa
669 2113 777 2162 refulsit.

97 2202 166 2249 haud
181 2209 275 2252 temere
289 2211 326 2252 est
338 2204 435 2251 visum:
451 2205 597 2251 conclamat
609 2203 641 2250 ab
654 2203 827 2264 agmineVol·

399 2306 472 2340 scens

96 2370 180 2438 ‘stata
196 2381 251 2427 viri.
275 2395 341 2442 quae
355 2379 518 2428 causariae?
532 2381 606 2442 quive
620 2380 679 2428 estis
692 2379 719 2426 in
734 2377 827 2426 armis?

48 2472 79 2516 75
101 2483 183 2529 quove
196 2469 288 2516 tenetis
301 2461 375 2516 iterl’
394 2468 459 2515 nibil
473 2468 512 2516 illi
526 2468 630 2516 tendere
644 2473 742 2524 contra,

100 2557 144 2603 sed
158 2557 269 2603 celerare
282 2556 371 2617 fugam
383 2557 410 2603 in
423 2556 498 2603 silvas
512 2563 537 2603 et
549 2555 630 2603 fidere
641 2554 728 2601 nocti.

99 2643 213 2690 obiciunt
225 2645 324 2705 equites
339 2660 396 2696 sese
411 2647 447 2695 ab
461 2645 582 2696 divortia
592 2651 665 2690 nota
