1808 2956
59 163 124 211 :202
304 173 329 211 r.
347 172 469 211 ruamur
490 172 620 211 MARONIS

134 335 159 376 et
172 327 396 377 terram'altricem
409 329 477 377 saevi
491 345 641 377 execramur
655 330 732 377 Ulixi.

134 431 196 464 mox
209 423 234 464 et
246 416 375 466 Leucatae
388 417 507 465 nimbosa
520 419 655 465 cacumina
668 419 763 465 montis

59 508 114 554 275
135 514 161 566 et
172 505 325 554 formidatus
339 507 424 553 nautis
438 506 551 568 aperitur
563 508 670 569 Apollo¹

134 593 203 642 hunc
216 595 326 657 petimus
339 595 399 643 fessi
412 603 437 642 et
449 610 543 657 parrae
556 595 715 643 succedimus
729 596 800 653 urbi3

135 697 232 730 ancora
245 683 277 730 de
289 699 366 746 prora
379 683 479 742 iacitur,
496 691 565 732 stant
577 685 652 731 litore
665 699 773 746 puppes.

170 771 239 833 Ergo
253 772 384 835 insperata
396 774 501 821 tandem
514 774 606 820 tellure
619 773 693 835 potiti

135 860 326 923 lustramurque
338 860 393 907 Iovi
406 861 523 922 votisque
536 861 696 909 incendimus
710 876 767 908 aras

60 952 116 995 280
135 949 264 1010 Actiaque
277 948 362 996 Iliacis
377 948 536 996 celebramus
550 950 627 996 litora
640 950 716 997 ludis.

136 1044 257 1084 exercent
270 1036 365 1098 patrias
379 1037 437 1084 oleo
451 1036 553 1084 labente
566 1038 709 1099 palaestras

136 1125 227 1172 nudati
245 1124 326 1183 socii3
347 1125 417 1171 iuvat
430 1126 539 1173 erasisse
553 1133 591 1173 tot
603 1126 678 1173 urbes

136 1213 273 1274 Argolicas
287 1214 437 1276 mediosque
450 1213 538 1275 fugam
551 1215 663 1262 tenuisse
676 1229 721 1276 per
733 1215 823 1262 hostis.

136 1301 235 1348 interea
247 1315 370 1362 magnum
384 1302 423 1349 sol
437 1303 644 1350 circumvolvitur
659 1318 755 1350 annum

61 1393 117 1437 285
138 1397 163 1437 et
175 1389 293 1450 glacialis
307 1390 388 1437 hiems
403 1391 568 1453 aquilonibus
582 1401 684 1454 asperat
697 1393 793 1439 undas:

138 1492 197 1526 acre
211 1492 273 1525 cavo
287 1478 407 1541 clipeum,
423 1479 511 1541 magni
524 1488 657 1542 gestamen
671 1481 790 1528 Abantis.

137 1566 254 1628 postibus
269 1568 380 1616 adversis
394 1568 445 1630 figo
460 1576 484 1616 et
497 1583 551 1616 rem
565 1569 679 1617 carmine
692 1569 776 1629 siguo.

136 1655 248 1704 ‘Aeneas
261 1655 325 1704 haec
339 1657 370 1704 de
382 1656 481 1705 Danais
495 1657 633 1705 victoribus
647 1673 718 1706 arma
729 1649 743 1714 3'

138 1744 255 1806 linquere
269 1752 323 1792 tum
335 1753 425 1807 portus
438 1746 515 1794 iubeo
529 1754 554 1794 et
567 1747 701 1794 considere
714 1746 840 1792 transtris.

63 1835 119 1879 290
140 1833 256 1880 certatim
270 1833 333 1880 socii
347 1833 442 1880 feriunt
455 1849 526 1882 mare
539 1843 563 1882 et
577 1849 691 1896 aequora
704 1843 816 1881 verrunt.

138 1921 256 1982 protinus
270 1921 352 1969 aerias
365 1921 512 1970 Phaeacum
526 1923 708 1970 abscondimus
723 1937 793 1970 nrccs

139 2009 268 2072 litoraque
280 2010 352 2072 ldpiri
366 2010 476 2071 legimus
489 2018 617 2074 portuquc
630 2011 745 2058 subimus

141 2096 260 2146 Chaonio
275 2107 300 2146 et
313 2100 409 2147 celsam
422 2099 542 2147 Buthroti
556 2099 701 2147 accedimus
716 2100 814 2147 urbem.

175 2185 224 2234 Hic
238 2188 396 2236 incredibilis
410 2202 495 2236 rerum
508 2187 577 2235 sama
591 2197 701 2250 occupat
714 2189 792 2238 auris.

70 2279 120 2322 295
140 2275 289 2324 Priamiden
303 2276 431 2325 Helenum
445 2274 537 2323 Graias
551 2291 658 2337 regnare
672 2291 717 2338 per
729 2277 814 2333 urbes,

141 2364 263 2425 coniugio
277 2365 408 2412 Aeacidae
421 2363 512 2425 Pyrrhi
527 2365 684 2427 sceptrisque
697 2366 817 2427 potitum,

140 2459 167 2500 ct
179 2453 263 2515 patrio
277 2452 479 2500 Andromachen
492 2453 584 2500 iterum
598 2454 703 2502 cessisse
716 2454 818 2500 marito.

139 2541 263 2601 opstipui,
280 2541 398 2602 miroque
411 2540 545 2588 incensum
558 2549 646 2604 pectus
660 2557 747 2589 amore

120 2628 289 2685 compellare
305 2629 390 2680 virum
404 2638 430 2682 et
444 2646 521 2683 casus
537 2646 698 2695 cognoscere
709 2639 806 2679 tantos.
