1808 2956
246 192 393 233 spumeos
412 192 498 233 LIBER
516 194 570 234 Xll.
739 186 799 233 493

28 355 53 398 te
74 364 122 398 nee
135 349 197 397 mihi
211 363 290 411 regna
303 358 378 413 pet03
398 351 502 412 paribus
516 366 544 400 se
558 351 657 413 legibus
671 351 762 400 ambae

73 438 184 487 invictae
196 434 285 500 gentes
299 446 403 487 aeterna
415 439 441 485 in
455 440 560 488 foedera
573 441 684 488 mittant.

75 542 150 575 saera
163 527 276 589 deosque
289 527 372 574 dabo:
387 542 460 576 socer
473 542 545 575 arma
557 528 665 575 Latinus
678 527 781 588 habeto,

75 616 211 678 imperium
223 616 349 664 sollemne
362 630 442 675 socer,
458 617 521 664 mihi
534 617 638 664 moenie
650 616 742 664 Teucri

75 693 352 767 constituent'urbique
366 705 437 753 dabit
449 704 558 752 Lavinia
570 696 684 752 nomen.³

28 799 53 841 ³5
75 794 112 841 sic
125 793 195 856 prior
207 794 326 854 Aeneas;
341 795 455 856 sequitur
468 793 504 841 sie
518 793 610 841 deinde
623 792 740 852 Latinus,

75 882 215 944 suspiciens
230 881 339 941 eaelum,
355 881 487 945 tenditque
500 882 532 928 ad
546 881 631 930 sidera
644 882 769 930 dextram.

71 959 147 1018 ‘hacc
161 971 260 1028 eadem,
276 970 373 1028 Aenea,
390 976 492 1030 terram,
508 984 587 1028 mare,
603 970 688 1018 sidera
700 970 766 1028 iure,

74 1058 243 1121 Latonaeque
255 1072 337 1119 genus
351 1059 447 1120 duplex
460 1059 603 1121 Ianumque
616 1058 755 1106 bifrontem

75 1147 176 1209 vimque
191 1148 267 1195 deum
279 1147 407 1196 infernam
420 1155 445 1195 et
458 1147 513 1194 duri
527 1147 640 1195 sacraria
652 1147 719 1194 Ditis
731 1163 737 1205 3

29 1243 55 1284 )0
75 1237 164 1285 audiat
175 1236 240 1284 haee
253 1237 355 1297 genitor
368 1236 411 1298 qui
425 1236 529 1285 foedera
541 1235 650 1284 fulmine
663 1235 753 1283 sancit.

75 1332 154 1386 tango
169 1340 226 1372 aras
240 1326 390 1388 mediosque
402 1325 469 1388 ignis
483 1332 508 1374 et
520 1324 627 1372 numina
640 1331 735 1372 tester:

76 1414 148 1460 nulla
161 1413 215 1462 dies
228 1428 318 1476 pacem
331 1413 398 1462 hane
410 1415 483 1462 Italis
497 1429 544 1462 nec
557 1414 660 1461 foedera
674 1419 783 1474 rumpet,

76 1515 127 1562 que
142 1516 181 1548 res
195 1517 304 1563 eumque
317 1503 422 1560 cadent,
444 1517 491 1551 nee
503 1517 544 1551 me
557 1503 594 1550 vis
607 1503 662 1549 ulla
674 1503 801 1549 volentem

76 1592 180 1645 avertet,
195 1602 248 1634 non
261 1589 281 1636 si
296 1591 414 1638 tellurem
428 1591 543 1638 effundat
555 1591 582 1638 in
595 1591 687 1648 undas,

28 1681 54 1724 15
77 1674 174 1721 diluvio
187 1675 306 1734 miscens,
322 1679 473 1740 caelumque
486 1679 512 1725 in
526 1679 636 1727 Tartara
648 1680 747 1736 solvat3

75 1771 103 1810 nt
122 1769 251 1825 sceptrum
263 1756 321 1812 hoe'
340 1764 442 1826 (dextra
461 1774 588 1828 sceptrum
609 1782 668 1815 nam
682 1767 747 1814 forte
760 1781 803 1828 ge-

376 1853 460 1916 rebat)

72 1930 224 2004 ‘numquam
237 1940 328 1988 fronde
342 1941 389 1988 levi
403 1941 493 1990 fundet
505 1943 616 2004 virgulta
628 1958 676 1992 nee
687 1944 800 2002 umbras,

75 2045 133 2078 curn
147 2031 225 2079 semel
239 2030 266 2077 in
279 2029 349 2078 silvis
363 2029 414 2077 imo
429 2030 460 2077 de
473 2030 551 2092 stirpe
565 2031 674 2079 recisam

49 2156 53 2161 .
74 2127 155 2167 matre
169 2126 239 2169 earet
251 2119 389 2182 posuitque
403 2133 490 2166 eomas
504 2124 529 2165 et
541 2118 663 2167 bracchia
675 2120 759 2180 ferro;

28 2212 55 2255 10
75 2207 137 2255 olim
151 2208 235 2266 arbos,
251 2223 321 2256 nune
334 2208 438 2256 artificis
452 2221 543 2254 manus
557 2221 615 2254 aere
629 2208 722 2256 decoro

75 2295 179 2345 inclusit
191 2298 358 2360 patribusque
371 2296 443 2345 dedit
454 2301 555 2357 gestare
568 2287 687 2342 Latinis.³

74 2384 168 2432 talibus
183 2385 250 2434 inter
262 2401 289 2434 se
303 2385 439 2433 firmabant
452 2384 556 2432 foedera
569 2383 643 2431 dietis

74 2479 213 2534 conspeetu
227 2474 253 2521 in
266 2475 352 2522 medio
366 2488 510 2537 procerum.
538 2479 592 2520 tmn
605 2472 653 2520 rite
666 2479 780 2520 sacratas

73 2560 100 2606 in
113 2559 243 2609 flammam
256 2562 375 2623 iugulant
388 2564 498 2625 pecudes
513 2569 538 2610 et
549 2562 649 2610 viscera
658 2560 736 2618 uiuis·

28 2653 52 2695 l5
72 2647 184 2709 eripiunt
197 2651 388 2718 cumulantque
402 2653 523 2705 oneratis
531 2649 665 2701 tenemus
676 2655 754 2690 aaut·
