1808 2956
409 186 434 226 P.
452 187 571 226 VERGlLl
592 186 722 226 Muretus

239 343 278 387 sol
293 342 338 387 tibi
352 341 428 401 signa
441 343 521 388 dabit.
549 341 630 387 solem
644 343 701 401 quis
715 343 799 390 dicere
814 342 903 391 falsum

239 428 350 476 audeat?
375 428 420 476 ille
433 429 511 477 etiarn
524 442 615 475 caecos
628 429 722 476 instare
736 430 862 479 tumultus

168 520 218 565 465
238 531 315 579 saepe
343 524 432 564 monet
460 516 627 577 fraudemque
657 522 682 563 et
706 525 797 578 operta
827 527 904 568 tuma

539 603 617 652 bella.

238 695 284 742 ille
298 694 375 742 ctiam
389 693 503 742 extincto
517 693 652 740 miseratus
667 691 779 743 Caesare
792 694 903 745 Romam

240 799 298 831 curn
312 791 389 846 caput
402 782 512 830 obscura
524 782 634 828 nitidum
647 782 777 843 ferrugine
791 785 857 832 texit

238 873 369 934 impiaque
383 878 514 919 aeternam
528 870 668 917 timuerunt
679 872 784 920 saecula
797 881 901 923 noctem

239 969 354 1023 tempore
373 974 530 1021 quamquam
548 959 594 1006 illo
609 960 685 1006 tellus
699 975 803 1022 quoque
816 968 842 1009 et
855 978 903 1025 aeq

540 1048 613 1110 ponti

170 1143 219 1186 470
240 1136 417 1198 obscenaeque
431 1151 507 1184 canes
521 1136 726 1198 inportunaeque
744 1138 863 1187 volucres

240 1225 315 1286 signa
334 1224 438 1272 dabunt.
479 1225 597 1286 quotiens
624 1222 768 1287 Cyclopum
794 1228 902 1278 efferver

541 1328 617 1375 agros

239 1403 347 1450 vidimus
362 1402 502 1450 undantem
515 1403 596 1464 ruptis
610 1402 757 1451 fornacibus
771 1405 886 1453 Aetnam

239 1491 452 1553 flammarumque
464 1490 556 1551 globos
571 1491 761 1554 liquefactaque
774 1494 877 1544 volvere
890 1511 902 1543 s

239 1595 369 1628 armorum
382 1580 495 1627 sonitum
509 1587 562 1626 toto
577 1578 716 1627 Germania
735 1582 808 1630 caelo

169 1675 219 1719 475
240 1669 329 1727 audiit,
346 1669 458 1715 insolitis
473 1674 631 1715 tremuerunt
644 1668 755 1716 motibus
769 1670 859 1732 Alpes.

239 1772 289 1805 vox
303 1773 406 1820 quoquc
420 1773 465 1820 per
479 1758 552 1805 lucos
566 1758 643 1818 volgo
657 1758 780 1805 exaudita
792 1760 898 1809 silentes

240 1847 330 1909 ingens
344 1854 369 1894 et
382 1847 521 1893 simulacra
534 1846 617 1893 modis
631 1847 756 1908 pallentia
769 1847 839 1895 miris

239 1936 294 1984 visa
305 1935 352 1984 sub
366 1935 505 1983 obscurum
519 1934 612 1991 noctis,
629 1935 793 1996 pecudesque
806 1935 904 1986 locuta

240 2023 408 2088 (infandum).
443 2023 537 2070 sistunt
550 2037 637 2070 amnes
651 2030 785 2085 terraeque
799 2025 899 2074 dehiac

170 2119 221 2162 480
240 2121 266 2162 et
286 2119 412 2161 maestum
431 2111 578 2159 inlacrimat
598 2112 701 2173 templis
719 2111 781 2160 ebur·
799 2128 904 2176 aeraqu

541 2200 611 2248 dant.

240 2291 338 2354 proluit
349 2291 443 2339 insano
458 2296 630 2350 contorquens
644 2289 736 2337 vertice
750 2289 827 2338 silvas

239 2381 375 2429 fluviorum
388 2394 434 2427 rex
446 2379 575 2427 Eridanus
589 2392 744 2440 camposque
758 2392 804 2439 per
817 2393 904 2429 omne

241 2483 300 2516 cum
312 2468 420 2516 stabulis
434 2475 552 2515 armenta
567 2466 634 2513 tulit.
663 2480 710 2514 nec
724 2473 838 2528 ternpore
852 2469 901 2516 eod

240 2557 356 2606 tristibus
369 2563 414 2605 aut
427 2556 492 2604 extis
505 2555 585 2602 fibrae
598 2554 722 2617 adparere
735 2555 848 2604 minaces

168 2650 221 2695 485
241 2653 286 2695 aut
299 2644 382 2710 puteis
395 2658 501 2692 manare
514 2658 590 2691 cruor
603 2643 710 2691 cessavit
722 2650 747 2691 et
760 2643 828 2693 altae
