1808 2956
72 171 131 216 462
310 179 336 217 Ρ.
353 176 474 217 VERGILI
491 175 623 215 MARONIS

141 349 186 383 seu
200 335 286 398 plures
300 335 420 397 conplere
432 334 533 381 valent:
549 333 616 381 iacet
629 334 719 382 omnis
734 337 769 384 ad
783 337 877 387 undam

140 423 276 482 materies3
295 423 344 485 ipsi
357 436 544 483 numerumque
557 421 721 485 modumque
736 425 837 474 carinis

141 511 310 574 praecipiant,
325 526 374 559 nos
388 525 457 569 aera,
472 524 573 567 manus,
590 511 695 559 navalia
710 513 819 563 demus.

71 605 123 648 330
142 607 274 663 praeterea
289 600 332 662 qui
347 600 416 647 dicta
428 599 512 647 ferant
525 606 549 645 et
562 599 668 646 foedera
681 599 794 650 firment

142 695 245 736 centum
259 697 373 736 oratores
386 688 469 750 prima
482 688 513 734 dc
526 695 602 747 gente
616 687 728 736 Latinos

141 777 177 824 ire
190 777 275 839 placet
288 777 411 840 pacisque
424 791 501 823 manu
515 776 685 837 praetendere
697 792 803 839 ramos,

142 880 249 913 munera
261 865 388 928 portantis
401 864 509 926 aurique
523 864 660 927 eborisque
673 867 780 914 talenta

142 962 168 1002 ot
179 955 270 1002 sellam
283 954 355 1015 regni
369 952 536 1014 trabeamque
549 953 663 1014 insignia
676 956 774 1002 nostri.

71 1048 121 1090 335
142 1043 269 1090 consulite
281 1043 309 1088 in
322 1042 435 1090 medium
449 1048 473 1089 et
486 1042 560 1090 rebus
575 1042 718 1090 succurrite
733 1037 834 1093 fossis.²

177 1130 244 1178 Tum
252 1132 377 1189 Drances,
393 1131 461 1178 idem
474 1130 598 1189 infensus,
612 1145 689 1193 quem
698 1133 792 1192 gloria
798 1133 875 1182 Turni

143 1219 249 1281 obliqua
262 1220 359 1266 invidia
372 1219 533 1281 stimulisque
546 1218 662 1280 agitabat
677 1222 788 1281 amaris,

142 1309 230 1368 largus
244 1323 322 1370 opum
336 1316 361 1355 et
373 1308 463 1368 lingua
475 1307 576 1365 melior,
592 1307 635 1354 sod
649 1305 750 1368 frigida
763 1310 837 1359 bello

142 1397 256 1454 dextera,
276 1396 390 1443 consiliis
406 1395 507 1443 habitus
521 1411 573 1443 uon
587 1395 667 1442 futilis
682 1405 788 1458 auctor,

72 1491 123 1532 340
142 1485 268 1533 seditione
282 1493 373 1547 potens
387 1484 481 1545 (genus
494 1484 555 1531 huic
568 1492 686 1532 materna
697 1487 845 1548 superbum

142 1573 264 1621 nobilitas
278 1573 364 1631 dabat,
381 1573 506 1620 incertum
521 1573 552 1620 de
564 1580 636 1633 patre
650 1571 776 1638 ferebat),

143 1663 225 1724 surgit
237 1670 262 1710 et
274 1662 314 1709 his
328 1670 418 1709 onerat
432 1662 506 1708 dictis
521 1670 599 1722 utque
612 1667 720 1720 aggerat
734 1662 801 1712 iras.

142 1751 204 1799 ‘rem
217 1752 282 1799 nulli
296 1750 442 1809 obscuram,
458 1757 561 1797 nostrae
575 1763 622 1796 nec
635 1749 705 1796 vocis
719 1760 855 1812 egentem,

143 1841 265 1899 consulis,
282 1855 296 1887 o
310 1840 377 1887 bone
391 1853 448 1886 rex:
471 1838 556 1886 cuncti
570 1851 597 1884 se
609 1837 675 1884 sciro
688 1837 810 1889 fatentur

72 1931 122 1974 345
143 1928 205 1989 quid
219 1928 323 1976 fortuna
335 1928 400 1976 ferat
413 1927 512 1990 populi,
528 1927 572 1974 sed
586 1925 670 1973 dicere
683 1937 815 1978 mussant.

143 2017 185 2064 det
197 2016 341 2064 libertatem
354 2015 425 2062 fandi
438 2015 565 2076 flatusque
578 2013 691 2061 remittat

143 2104 215 2152 cuius
229 2103 261 2151 ob
275 2104 419 2166 auspicium
432 2103 572 2151 infaustum
585 2115 721 2163 moresque
738 2103 863 2157 sinistro·

144 2192 241 2255 (dicam
260 2193 395 2255 equidem,
417 2192 478 2240 licet
490 2207 562 2240 arma
575 2189 638 2237 mihi
651 2198 820 2256 mortemque
834 2195 879 2247 mi·

445 2280 531 2343 netur)

143 2370 242 2418 lumina
255 2376 292 2417 tot
305 2369 427 2416 cecidisse
440 2369 535 2417 ducum
548 2375 681 2429 totumque
694 2366 817 2421 videmus

72 2463 124 2505 350
144 2458 290 2506 consedisse
302 2457 393 2506 urbem
407 2458 487 2516 luctu,
503 2459 565 2505 dum
577 2454 657 2504 Troia
668 2463 784 2519 temptat

144 2555 236 2605 castra,
252 2546 328 2609 fugae
341 2546 431 2604 fidens,
447 2553 472 2594 et
485 2547 585 2594 caelum
600 2545 699 2593 territat
711 2546 804 2596 armis.

136 2652 218 2688 unum
233 2637 315 2690 etiam
331 2636 409 2687 donis
420 2636 479 2685 istis
492 2648 561 2697 quae
571 2633 686 2694 piurima
692 2633 765 2679 sustu
