1808 2956
61 172 121 219 544
402 176 510 217 CULEX.

129 336 244 384 labentes
257 336 357 398 biiugos
371 336 448 384 etiam
461 334 603 397 persidem
616 333 709 383 Lunae

128 426 221 488 pressit
234 440 313 487 equos
327 432 353 473 et
365 431 392 471 tu
407 431 544 481 currentes,
561 430 693 472 menstrua
707 423 789 485 virgo,

60 519 109 561 285
130 515 250 562 auditura
262 515 353 576 lyram,
370 512 474 561 tenuisti
487 517 562 559 nocte
576 512 675 559 relicta.

130 603 194 650 haec
208 603 297 650 eadem
310 601 394 663 potuit
406 601 473 647 Ditis
487 607 511 647 te
524 600 625 663 vincere
640 601 756 648 coniunx

130 691 327 752 Eurydicenque
340 690 406 736 ultro
421 689 565 736 ducendam
578 687 705 736 reddere?
724 705 779 738 non
791 690 835 749 sas,

131 794 183 826 non
198 786 252 826 erat
264 779 373 825 invictae
387 777 459 824 divae
473 776 604 825 exorabile
617 791 724 825 numen,

131 869 176 916 illa
190 868 302 930 quidem,
318 866 426 912 nimium
439 879 527 912 manes
541 872 646 927 experta
659 880 772 926 severos,

62 963 112 1005 290
132 963 297 1020 praeceptum
310 954 430 1015 signabat
442 954 490 1001 iter
503 968 549 1000 nec
563 954 661 1001 rettulit
674 954 744 1003 intus

132 1045 231 1093 lumina
244 1058 291 1091 nec
305 1043 376 1090 divae
391 1042 505 1104 corrupit
518 1056 625 1089 munera
638 1042 748 1104 lingua3

132 1134 175 1181 sed
190 1140 216 1180 tu
231 1132 349 1189 crudelis,
367 1130 476 1179 crudelis
490 1136 517 1176 tu
531 1129 613 1191 magis
628 1129 745 1193 Orpheo,

133 1223 221 1269 oscula
235 1236 294 1268 cara
307 1228 395 1282 petens
409 1218 498 1280 rupisti
512 1217 582 1265 iussa
596 1219 713 1266 deorum.

133 1311 225 1370 diguus
240 1324 313 1355 amor
325 1308 415 1366 venia3
436 1314 547 1368 gratum,
563 1307 583 1353 si
597 1307 710 1356 Tartara
722 1311 821 1358 nollent

62 1404 112 1446 205
133 1404 267 1460 peccatum
281 1397 436 1444 meminisse.
464 1403 490 1442 at
503 1409 550 1441 nos
564 1394 665 1459 (grave)
678 1398 739 1446 sede
750 1399 854 1460 piorum,

132 1501 180 1533 nos
197 1492 285 1532 manet
301 1485 409 1532 heroum
429 1491 519 1532 contra
532 1498 632 1530 manus.
661 1485 704 1534 hic
718 1494 743 1534 et
757 1494 856 1548 uterque

132 1574 274 1638 Aeacides:
289 1573 382 1621 Peleus
396 1587 507 1634 namque
520 1579 545 1619 et
558 1572 713 1621 Telamonia
725 1575 805 1622 virtus

134 1679 180 1725 per
192 1678 282 1711 secura
295 1661 375 1724 patris
389 1662 518 1708 laetantur
530 1660 646 1719 numina,
663 1676 776 1723 quorum

135 1753 241 1800 conubis
255 1752 342 1799 Venus
356 1756 381 1798 et
392 1749 480 1796 Virtus
494 1749 607 1795 iniunxit
619 1749 762 1798 honorem:

64 1848 115 1889 300
136 1843 204 1888 huno
217 1841 301 1903 rapuit
314 1854 394 1897 serva,
410 1845 448 1885 ast
461 1838 535 1885 illum
548 1837 636 1885 Nereis
650 1840 755 1886 amavit.

134 1930 235 1978 adsidet
247 1929 297 1976 hac
310 1927 417 1985 iuvenis,
433 1926 546 1974 sociatae
559 1926 644 1987 gloria
657 1928 744 1985 sortis,

134 2033 202 2076 acer,
218 2019 377 2074 inexcussus,
394 2015 504 2063 reserens
518 2031 533 2062 a
547 2015 654 2063 navibus
667 2015 743 2076 ignes

135 2106 264 2167 Argolicis
278 2105 403 2166 Phrygios
417 2112 489 2152 torva
502 2104 601 2151 feritate
614 2105 741 2165 repulsos.

135 2211 150 2243 o
164 2196 220 2258 quis
235 2209 287 2241 non
300 2194 393 2242 referat
405 2194 464 2241 talis
479 2192 587 2239 divortia
600 2191 671 2250 belli,

66 2290 115 2333 305
137 2300 202 2346 quae
215 2284 309 2332 Troiae
322 2283 407 2330 videre
420 2282 466 2329 viri
479 2281 616 2342 videreque
630 2278 702 2338 Grai,

135 2374 245 2421 Teucria
259 2387 316 2420 cum
329 2386 425 2432 magna
438 2376 555 2418 manaret
567 2368 693 2429 sanguiue
706 2370 783 2417 tellus

136 2470 161 2510 et
173 2461 268 2509 Simois
281 2461 431 2522 Xanthique
443 2460 538 2520 liquor,
554 2456 684 2518 Sigeaque
696 2466 803 2520 propter

136 2552 213 2599 litora
226 2565 284 2598 cum
298 2550 379 2596 Troas
393 2548 461 2596 saexn'
475 2547 546 2594 ducis
559 2545 676 2593 Hectoris
689 2546 729 2594 ira

137 2640 222 2687 videre
235 2639 260 2685 in
275 2639 369 2686 classes
383 2636 488 2684 inimica
501 2642 586 2683 mente
598 2634 723 2695 Pelasgas
