1808 2956
117 311 176 360 308
354 318 379 355 r.
396 314 517 354 vasum
537 311 669 351 nunonis

182 464 238 521 ‘sed
258 473 309 520 iarn
329 486 391 533 age,
418 483 494 532 carpe
518 469 586 516 viam
605 476 630 516 et
653 475 805 530 susceptum
824 465 901 529 perfic

487 572 588 604 munus.

116 655 167 699 630
187 640 368 698 adceleremus'
381 647 431 694 ait:
451 644 605 707 ‘Cyclopum
619 643 712 691 educta
726 642 836 691 caminis

186 738 289 785 moenia
302 735 434 797 conspicio
449 741 526 796 atque
540 734 647 780 adverso
660 731 761 779 fornice
775 738 870 793 portas,

187 826 250 873 hacc
263 824 306 871 ubi
319 838 368 871 nos
382 829 520 884 praecepta
532 821 621 868 iubent
634 820 766 881 deponere
780 809 868 866 dona’

187 915 295 970 dixerat,
311 919 336 959 et
348 911 444 973 pariter
456 910 536 970 gressi
549 924 595 972 per
608 923 691 970 opaca
703 908 805 955 viarum

186 1001 329 1063 corripiunt
354 998 466 1060 spatium
495 998 608 1045 medinm
633 996 788 1057 foribusque
813 994 899 1058 propin

488 1093 576 1147 quant.

116 1182 166 1224 635
187 1182 297 1238 occupat
311 1175 413 1222 Aeneas
427 1174 526 1220 aditum
540 1187 684 1235 corpusque
698 1174 797 1220 recenti

186 1264 284 1326 spargit
297 1277 365 1323 aqua
378 1276 530 1324 ramumque
544 1262 651 1309 adverso
664 1261 691 1307 in
705 1261 797 1309 limine
810 1261 873 1323 figit.

222 1350 268 1396 His
282 1349 385 1396 demum
399 1350 504 1407 exactis,
520 1350 632 1412 perfecto
646 1363 753 1396 munere
767 1350 852 1407 divae,

187 1439 311 1485 devenere
324 1436 396 1484 locos
409 1438 491 1484 laetos
505 1445 530 1484 et
543 1452 652 1484 amoena
664 1437 761 1485 virecta

187 1526 376 1572 fortunatorum
388 1539 523 1572 nemorum
536 1526 661 1587 sedesque
674 1525 772 1572 beatas.

117 1620 168 1662 640
188 1615 286 1675 largior
299 1613 341 1660 hic
354 1627 459 1675 campos
473 1613 560 1660 aether
574 1620 598 1660 et
611 1613 709 1660 lumine
721 1614 799 1662 vestit

187 1716 325 1766 purpureo,
341 1702 474 1762 solemque
487 1715 570 1760 suom,
587 1716 633 1748 sua
645 1701 730 1748 sidera
744 1711 851 1751 norunt.

187 1805 246 1853 pars
259 1790 286 1836 in
300 1789 438 1849 gramineis
453 1796 573 1836 exercent
585 1788 700 1837 membra
712 1790 860 1850 palaestris,

187 1878 347 1927 contendunt
359 1877 421 1924 ludo
436 1884 460 1924 et
471 1876 543 1932 ,fulva
556 1878 685 1924 luctantur
698 1876 813 1937 harena3

188 1965 368 2029 parspedibus
382 1965 511 2027 plaudunt
525 1965 632 2013 choreas
646 1973 670 2012 et
683 1965 801 2014 carmina
815 1968 901 2016 dicunt

117 2059 167 2101 645
187 2069 234 2102 nec
247 2069 301 2125 non¹
313 2053 447 2101 Threicius
460 2055 540 2114 longa
554 2069 611 2100 cum
625 2060 693 2100 veste
706 2056 830 2104 sacerdos

187 2117 336 2204 obloquitur
349 2142 461 2189 numeris
475 2149 572 2204 septem
586 2141 734 2188 discrimina
746 2158 842 2191 vocum

187 2230 290 2292 iamque
304 2229 394 2277 eadem
408 2230 508 2290 digitis,
524 2231 576 2276 iarn
590 2230 691 2291 pectine
703 2229 791 2291 pulsat
805 2233 901 2280 eburno

187 2317 230 2365 hic
242 2332 324 2379 genus
337 2317 451 2364 anticum
464 2317 566 2375 Teucri,
581 2317 755 2379 pulcherrima
767 2321 866 2381 proles,

188 2405 346 2467 magnanimi
359 2405 459 2464 heroes,
475 2405 528 2452 nati
542 2406 691 2454 melioribus
705 2407 790 2466 annis,

118 2496 169 2540 650
187 2493 292 2555 Ilusque
305 2495 499 2555 Assaracusque
516 2500 541 2541 et
553 2493 647 2542 Troiae
659 2494 800 2543 Dardanus
813 2504 890 2547 aucto

188 2595 260 2628 arma
273 2582 362 2644 procul
376 2595 517 2643 currusque
529 2581 612 2631 virum
625 2583 732 2630 miratur
744 2583 841 2633 inanis.

188 2675 256 2717 stant
269 2676 336 2718 terra
349 2669 447 2718 defixae
460 2668 550 2719 hastae
563 2671 710 2732 passimque
723 2672 803 2720 soluti

170 2771 226 2819 per
236 2774 361 2824 campum
375 2765 521 2825 pascuntur
533 2758 610 2821 equi.
638 2772 707 2820 quae
718 2759 805 2817 grana
818 2776 904 2806 curru
