1808 2956
318 199 465 240 Aruernos
483 201 571 241 mann
589 204 607 241 1.
801 194 855 241 151

128 358 228 408 talibus
240 357 375 416 Ilioneus3
396 358 480 406 cuncti
494 358 571 405 simul
585 373 629 406 ore
643 358 785 408 fremebant

70 452 110 497 »60
128 447 309 496 Dardanidae.

166 535 235 584 Tum
248 535 357 584 breviter
368 535 448 592 Dido,
463 535 561 582 voltum
575 535 693 591 demissa,
710 536 826 597 profatur

125 614 230 672 ‘solvite
244 624 322 672 corde
334 632 440 682 metum,
457 623 560 684 Teucri,
577 624 701 671 secludite
716 639 798 672 curas.

128 727 171 762 ras
185 712 250 760 dura
262 720 288 761 et
299 713 372 775 regni
386 712 486 760 novitas
499 727 540 759 me
553 712 616 760 talia
629 720 726 773 cogunt

128 801 216 849 moliri
230 808 256 849 et
267 802 318 850 iate
331 801 389 849 finis
403 802 509 850 custode
522 801 596 849 tueri.

62 895 109 939 565
129 890 189 954 quis
202 904 283 952 genus
296 892 462 948 Aeneadum,
484 890 540 951 quis
553 889 647 936 Troiae
661 890 758 937 nesciat
772 890 860 938 urbem

128 979 286 1041 virtutesque
299 979 418 1041 virosque
432 985 477 1026 aut
489 978 552 1025 tanti
567 978 687 1026 incendia
701 978 780 1026 beili?

127 1081 183 1115 non
197 1066 308 1114 obtunsa
321 1068 385 1115 adeo
399 1074 529 1128 gestamus
544 1076 648 1129 pectora
661 1066 742 1114 Poeni

129 1170 178 1204 nec
191 1164 244 1203 tam
257 1171 360 1203 aversus
374 1170 453 1217 equos
467 1155 546 1217 Tyria
560 1154 605 1202 Sol
618 1156 702 1215 iungit
716 1155 747 1203 ab
762 1156 832 1203 urbe.

129 1259 175 1292 seu
189 1258 234 1291 voa
248 1243 400 1306 Hesperiam
413 1258 535 1304 magnam
549 1243 720 1306 Saturniaque
734 1261 794 1293 arun

62 1337 110 1383 tto
129 1333 183 1381 sive
196 1333 284 1395 Erycis
297 1333 361 1380 iincs
374 1347 512 1394 regemque
525 1333 619 1394 optatis
633 1335 753 1393 Acesten,

132 1421 231 1470 anxilio
244 1429 312 1469 tutos
326 1422 453 1468 dimittam
467 1421 610 1483 apibusque
623 1422 725 1470 iuvabo.

130 1511 207 1558 voltis
221 1511 297 1558 ethis
311 1525 412 1557 mecum
425 1510 520 1572 pariter
534 1510 667 1558 considere
680 1511 775 1572 regnis,

130 1599 221 1646 urbem
234 1614 312 1661 quam
325 1606 409 1646 statuo
423 1606 505 1645 vestra
519 1605 571 1656 est3
590 1599 725 1647 subducite
738 1615 828 1656 naves;

131 1687 197 1735 Tros
210 1687 354 1749 Tyriusque
367 1687 429 1733 mihi
444 1687 516 1733 nullo
531 1686 677 1734 discrimine
690 1695 788 1747 agetur.

60 1780 111 1826 575
132 1782 209 1838 atque
222 1776 320 1824 utinam
334 1790 379 1822 rex
392 1776 446 1837 ipse
460 1783 521 1821 noto
536 1775 684 1835 compulsus
698 1775 788 1822 codem

132 1864 232 1912 adforet
245 1864 362 1912 Aeneas!
383 1863 503 1924 equidem
516 1875 561 1924 per
574 1862 652 1909 litora
664 1871 746 1911 certos

132 1953 259 2000 dimittam
273 1961 297 2001 et
311 1953 409 2014 Libyae
424 1952 530 1998 lustrare
544 1958 658 1997 extrema
670 1951 773 2010 iubebo,

131 2042 152 2089 si
166 2041 259 2104 quibus
273 2042 368 2090 ciectus
381 2040 451 2088 silvis
465 2047 509 2086 aut
521 2038 626 2086 urbibus
640 2032 726 2088 errat.'

167 2129 213 2178 His
226 2130 341 2177 animum
355 2128 445 2176 arrecti
460 2128 532 2175 dictis
547 2135 572 2175 et
584 2128 656 2175 sortis
669 2128 781 2177 Achates

61 2223 112 2268 580
132 2226 157 2267 et
170 2226 242 2281 pater
255 2219 356 2266 Aeneas
370 2217 512 2264 iandudum
526 2231 658 2278 erumpere
672 2217 764 2266 nubem

132 2307 265 2355 ardebant.
292 2306 363 2369 prior
376 2306 483 2352 Aenean
498 2306 637 2367 compellat
649 2305 771 2354 Achates.

130 2396 199 2443 ‘nate
213 2395 270 2452 dea,
287 2408 353 2456 quae
366 2409 435 2442 nunc
449 2394 535 2441 auimo
549 2394 675 2442 sententia
688 2394 788 2456 surgit?

132 2484 221 2532 omnia
233 2490 288 2530 tuta
301 2483 380 2540 vidos,
397 2482 504 2530 classem
518 2482 654 2544 sociosque
667 2492 791 2544 receptos.

131 2587 198 2620 nnus
212 2571 290 2630 abest,
306 2570 392 2619 medio
407 2571 434 2620 in
447 2571 530 2622 fluctu
543 2587 625 2638 quem
635 2568 823 2629 uidimus'msx

51 2662 100 2703 ⁵85
119 2657 301 2720 subureraum3
322 2662 401 2714 dictis
418 2667 595 2733 respondent
607 2673 703 2717 catera
712 2643 828 2709 nuatu'xs'.
