1808 2956
246 200 391 239 AENEIDOS
409 201 497 238 LIBER
513 201 567 238 xll.
739 190 754 234 4
762 190 776 236 8
784 190 798 236 9

73 365 179 422 pectora
191 358 282 420 plausa
296 357 364 405 cavis
377 363 402 404 et
415 356 484 404 colla
497 358 626 404 comantia
638 364 752 420 pectunt.

73 448 129 511 ipse
142 446 235 494 dehinc
248 459 311 492 auro
325 446 486 507 squalentem
500 445 611 508 alboque
625 445 756 494 orichalco

74 535 217 585 circumdat
229 534 337 582 loricam
350 532 461 591 umeris;
481 533 558 580 simul
571 541 642 596 aptat
654 533 774 587 habendo

74 638 213 686 ensemque
227 624 390 686 clipeumque
403 628 428 669 et
440 621 533 670 rubrae
546 637 643 670 cornua
657 623 757 680 cristae,

30 721 53 762 »0
75 727 161 762 ensem
175 727 252 775 quem
264 711 359 758 Dauno
372 709 518 772 ignipotens
532 710 594 758 deus
607 712 662 773 ipse
675 711 775 773 parenti

74 803 169 851 fecerat
182 809 206 850 et
220 799 310 862 Stygia
323 799 475 847 candentem
490 798 602 847 tinxerat
614 800 692 847 unda.

74 891 151 949 exim‚·
168 904 234 952 quae
247 888 338 937 mediis
351 887 449 950 ingenti
464 887 560 935 adnixa
573 890 709 937 columnae

75 979 180 1028 aedibus
195 977 321 1037 adstabat,
337 977 450 1024 validam
463 977 486 1023 vi
501 977 607 1039 corripit
620 978 728 1034 hastam,

74 1068 176 1116 Actoris
190 1067 306 1115 Aurunci
320 1066 446 1128 spolium,
467 1072 623 1128 quassatque
640 1073 799 1124 trementem,

30 1164 54 1206 ts
75 1157 217 1205 vociferans
230 1156 316 1215 ‘nuuc,
333 1169 348 1202 0
362 1169 503 1216 numquam
517 1154 637 1202 frustrata
649 1162 754 1203 vocatus

75 1247 149 1293 hasta
161 1260 240 1302 meos,
257 1250 433 1306 nuuctcmpus
442 1244 529 1302 adest3
544 1244 800 1302 temaximusAct0r‚

75 1342 99 1382 te
112 1335 193 1381 Turni
207 1347 276 1380 nunc
289 1334 380 1380 dextra
392 1333 466 1394 gerit.
495 1333 528 1380 da
541 1340 653 1381 sternere
666 1347 759 1395 corpus

75 1423 234 1485 loricamque
247 1435 325 1469 manu
339 1421 425 1469 valida
438 1421 551 1469 lacerare
564 1422 689 1469 revolsam

75 1511 185 1558 semiviri
199 1510 307 1573 Phrygis
321 1517 346 1558 et
358 1510 463 1558 foedare
476 1509 503 1555 in
517 1509 621 1572 pulvere
634 1510 711 1557 crinis

30 1606 56 1647 to
76 1597 187 1644 vibratos
201 1598 286 1645 calido
300 1598 367 1645 ferro
380 1613 518 1660 murraque
533 1592 678 1646 madentis.'

76 1687 115 1733 his
129 1686 214 1746 agitur
227 1685 307 1745 furiis,
324 1692 429 1748 totoque
443 1686 555 1734 ardentis
571 1686 603 1734 ab
617 1701 660 1735 ore

75 1774 205 1823 scintiliae
219 1772 353 1830 absistunt,
370 1773 451 1821 oculis
464 1774 543 1821 micat
555 1774 656 1822 acribus
669 1775 747 1836 iguis,

76 1864 190 1924 mugitus
204 1861 281 1910 veluti
296 1876 351 1909 cum
367 1861 451 1923 prima
463 1862 489 1908 in
503 1863 603 1924 proelia
615 1871 702 1911 taurus

75 1952 198 2000 terrificos
213 1951 262 1998 ciet
275 1957 351 2012 atque
364 1949 440 1997 irasci
453 1950 479 1997 in
493 1965 590 1998 cornua
603 1958 717 2014 temptat,

30 2047 55 2090 15
77 2040 175 2087 arboris
190 2039 300 2087 obnixus
314 2045 414 2097 trunco,
430 2045 570 2100 ventosque
583 2039 686 2088 lacessit

76 2129 169 2176 ictibus
184 2136 227 2176 aut
240 2142 329 2190 sparsa
342 2128 374 2174 ad
389 2141 502 2190 pugnam
515 2127 629 2189 proludit
642 2128 747 2176 harena.

112 2216 164 2264 Nec
177 2216 261 2264 minus
274 2217 372 2264 interea
384 2216 506 2264 maternis
519 2230 609 2264 saevos
622 2216 648 2262 in
662 2218 738 2265 armis

76 2304 178 2352 Aeneas
192 2305 261 2353 acuit
274 2305 382 2353 Martem
396 2312 421 2353 et
433 2319 461 2353 se
473 2305 580 2353 suscitat
595 2305 642 2364 ira,

77 2393 164 2440 oblato
178 2395 293 2455 gaudens
308 2394 420 2456 conponi
433 2393 536 2442 foedere
549 2393 656 2442 bellum.

30 2489 56 2531 [0
77 2490 130 2529 tum
144 2483 228 2530 socios
241 2483 383 2546 maestique
397 2490 493 2531 metum
507 2483 605 2531 solatur
617 2482 676 2541 Iuli,

76 2572 129 2618 iata
142 2573 247 2631 docens,
263 2572 369 2634 regique
383 2572 454 2621 iubet
466 2586 594 2636 respousa
603 2572 705 2620 Latino

72 2667 141 2706 certa
152 2661 249 2710 referre
264 2663 332 2712 viros
348 2672 373 2713 et
385 2665 462 2730 pacis
478 2663 574 2714 dicere
581 2661 678 2724 reges.
