1808 2956
87 179 147 228 494
327 189 352 228 r.
369 188 490 228 veneral
510 187 642 228 nnuonrs

191 347 227 395 At
238 361 298 394 vero
311 345 412 394 Rutulis
425 346 544 408 inpares
557 360 646 408 pugna
658 346 739 394 videri
891 334 897 431 Ι

156 436 299 483 iandudum
313 442 338 482 et
349 435 420 481 vario
433 434 534 482 misceri
548 423 654 496 pectora
667 444 756 494 motu;
893 434 896 439 '

156 532 210 570 tum
223 523 314 584 magis,
330 530 358 569 ut
371 523 476 584 propius
489 529 598 570 cernunt
610 537 664 570 uon
677 523 776 571 viribus
787 521 869 585 aequis.
894 510 899 597 Ι

156 612 261 660 adiuvat
274 612 375 659 incessu
388 612 467 659 tacito
481 625 630 674 progressus
645 618 671 659 et
683 627 757 660 aram

86 705 138 749 220
156 700 308 763 suppliciter
320 714 444 748 venerans
458 700 568 748 demisso
582 681 680 747 lumine
693 700 799 748 Turnus

108 824 111 830 a
157 787 324 850 tabentesque
337 803 419 851 genae
433 796 458 837 et
469 788 581 837 iuvenali
595 789 622 836 in
636 803 746 851 corpore
758 789 847 852 pallor.

157 891 234 940 quem
247 877 323 925 simul
337 893 367 925 ac
380 877 487 925 Iuturna
500 892 572 925 soror
586 877 747 925 crebrescere
759 877 822 925 vidit

157 979 302 1014 sermonem
315 973 341 1014 et
352 967 421 1027 volgi
435 966 533 1015 variare
546 965 662 1014 labantia
676 967 765 1026 corda,
897 1020 900 1033 Ι

156 1055 183 1101 iu
196 1055 294 1102 medias
308 1055 384 1113 adea,
400 1055 509 1102 sormam
525 1054 681 1103 adsimulata
695 1052 810 1102 Camerti
897 1044 901 1163 Ι

86 1148 136 1190 225
157 1141 211 1205 (cui
224 1157 306 1203 genus
320 1158 335 1190 a
348 1144 449 1205 proavis
463 1145 553 1204 ingens
568 1144 720 1204 clarumque
734 1151 850 1206 paternae
898 1180 901 1219 ι

156 1245 251 1279 nornen
265 1239 320 1278 erat
331 1231 431 1279 virtutis
444 1240 469 1280 et
481 1233 536 1294 ipse
549 1231 687 1279 acerrimus
702 1231 803 1294 armis),

157 1319 184 1366 iu
197 1319 295 1367 medias
309 1320 354 1367 dat
366 1334 420 1368 sese
434 1320 510 1379 acies,
526 1320 595 1368 haud
609 1319 697 1367 nescia
709 1335 805 1378 rerum,

157 1421 324 1469 rumoresque
337 1408 398 1456 serit
410 1388 493 1456 varios
508 1423 537 1456 ac
551 1408 613 1455 talia
628 1407 704 1454 fatur.

154 1486 218 1543 ‘non
231 1497 319 1558 pudet,
335 1511 350 1543 0
363 1496 461 1556 Rutuli,
477 1512 523 1560 pro
538 1496 636 1545 cunctis
649 1496 746 1544 talibus
759 1511 836 1544 unam

87 1590 137 1633 230
158 1585 287 1633 obiectare
300 1584 431 1633 animam?
450 1599 592 1633 numerous
605 1600 638 1632 an
651 1584 749 1633 viribus
763 1584 835 1648 aequi

156 1687 210 1721 uon
229 1673 334 1721 sumus?
360 1688 405 1733 en,
428 1689 516 1722 omnes
536 1682 561 1722 et
579 1673 660 1721 Troes
681 1681 706 1722 et
724 1668 872 1723 Arcadeshi

458 1770 526 1821 sunt,

157 1852 294 1914 fatalisque
308 1865 408 1909 manus,
424 1851 525 1900 infensa
537 1851 640 1899 Etruria
653 1851 754 1899 Turno.

157 1940 199 1986 vix
212 1941 321 1998 hostem,
338 1940 430 1988 alterni
444 1940 465 1987 si
479 1940 686 2000 congrediamur,
702 1939 835 1989 habemus.

157 2027 202 2076 ille
216 2028 320 2090 quidem
334 2029 366 2076 ud
380 2043 495 2091 superea,
512 2043 622 2090 quorum
635 2043 662 2076 se
675 2029 785 2078 devovet
796 2029 852 2086 aris,

87 2121 137 2164 235
158 2118 278 2165 succedet
291 2117 359 2164 fama
372 2117 494 2179 vivosque
507 2132 552 2179 por
565 2132 611 2165 oru
624 2118 728 2176 feretur,

158 2220 206 2253 nos
220 2207 303 2268 patn'a
316 2206 411 2252 amissa
424 2206 534 2253 dominis
550 2221 639 2268 parere
652 2207 770 2269 superbis

160 2308 290 2355 cogentur,
307 2294 349 2356 qui
365 2308 433 2341 nunc
446 2294 509 2342 lenti
523 2295 685 2342 consedimus
699 2289 785 2344 arvis.⁸

159 2383 253 2429 talibus
267 2382 371 2430 incensa
385 2390 423 2429 est
436 2383 556 2431 iuvenum
570 2383 698 2431 sententia
712 2385 789 2433 dictis

159 2471 211 2518 iam
224 2472 306 2532 magis
320 2478 397 2533 atquo
411 2472 492 2532 magis
505 2472 635 2534 serpitque
648 2488 694 2534 pcr
704 2474 812 2534 agmina
823 2483 882 2520 mur-

460 2575 534 2620 mur,

35 2684 38 2689 -
69 2653 127 2699 240
145 2652 200 2718 ipsi
213 2652 367 2706 Laurentes
380 2652 478 2703 mutati
490 2648 706 2716 ipsiquelrat'nix.
