1808 2956
49 150 65 197 2
74 151 111 198 50
288 159 315 197 P.
332 159 454 198 l'EllGlLl
475 158 604 222 sinuosis

120 314 301 377 quemgenuit.
323 321 437 362 veterum
450 328 503 361 non
516 314 645 362 inmemor
658 317 705 367 ille
719 328 855 382 pareutum

66 408 101 451 40
120 410 237 465 gratatur
249 403 355 451 reduces
369 409 394 450 et
406 417 470 463 gaza
483 403 566 450 laetus
580 405 676 464 agresti

122 492 218 554 excipit
231 506 260 539 ac
273 491 353 538 fessos
367 490 458 552 opibus
472 490 570 537 solatur
583 492 683 547 amicis.

157 580 264 628 Postera
277 595 335 627 curn
348 579 431 641 primo
445 579 532 627 stollas
546 577 653 628 Oriente
666 580 779 644 fugarat

123 669 192 718 clara
206 668 268 726 dies,
284 669 368 716 socios
383 668 409 714 in
423 674 525 715 coetum
538 667 614 715 litore
628 667 660 714 ab
675 672 750 718 omni

123 757 232 805 advocat
244 757 346 804 Aeneas
360 755 505 816 tumulique
518 769 551 802 ex
564 769 659 816 aggere
673 756 754 807 fatur.

67 851 103 894 45
120 835 298 893 ‘Dardanidae
311 843 408 904 magui,
424 857 505 904 genus
519 844 571 891 alto
586 858 601 890 a
614 845 746 905 sangnine
761 848 857 908 divom,

124 948 223 982 annuos
237 931 334 980 exactis
348 932 484 992 conpletur
496 931 626 979 mensibus
641 932 713 981 orbis

123 1038 158 1071 ex
170 1037 221 1085 quo
235 1021 356 1082 reliquias
371 1020 501 1081 divinique
515 1034 574 1067 ossa
587 1021 701 1082 parentis

125 1110 288 1160 condidimus
301 1118 369 1156 terra
382 1116 544 1170 maestasque
557 1110 715 1156 sacravimus
732 1126 803 1161 aras.

124 1200 228 1261 iamque
243 1199 309 1256 dies,
325 1197 374 1244 nisi
388 1196 480 1255 fallor,
497 1197 569 1244 adest
581 1211 658 1258 quem
671 1212 778 1262 semper
792 1217 862 1251 acer-

425 1283 495 1343 bum,

73 1383 106 1426 50
126 1390 227 1438 semper
239 1375 395 1422 honoratum
409 1372 458 1435 (sic
472 1374 496 1421 di
510 1373 638 1436 voluistis)
652 1373 768 1425 habebo.

125 1465 194 1513 hunc
208 1479 255 1526 ego
270 1461 385 1511 Gaetulis
399 1476 502 1522 agerem
515 1463 536 1510 si
550 1462 667 1525 Syrtibus
681 1464 744 1512 exul

126 1554 282 1616 Argolicove
295 1552 360 1600 mari
374 1551 514 1613 deprensus
529 1558 554 1599 et
566 1551 629 1598 urbe
642 1551 780 1613 Mycenae,

128 1658 214 1691 annua
226 1648 286 1689 vota
299 1648 385 1689 tamen
398 1640 582 1702 sollemnisque
596 1640 686 1687 ordine
700 1656 815 1706 pompas

127 1746 267 1795 exequerer
280 1739 455 1790 strueremque
468 1728 520 1776 suis
534 1729 626 1777 altaria
639 1729 723 1776 donis.

75 1827 107 1871 55
127 1837 196 1870 nnnc
208 1822 277 1869 ultro
291 1819 323 1866 ed
337 1819 435 1866 cineres
449 1816 529 1879 ipsius
544 1824 568 1863 et
582 1831 641 1863 ossa
654 1818 780 1878 parentis,

127 1909 197 1958 hand
206 1909 325 1971 equidem
332 1907 387 1955 sine
397 1913 482 1953 mente
494 1920 560 1963 reor,
575 1904 630 1952 siue
643 1906 750 1955 numine
763 1909 862 1969 divom,

128 2000 250 2047 adsumus
264 2004 289 2045 et
301 2003 391 2059 portus
405 1994 483 2043 delati
497 1994 622 2040 intramus
636 1994 743 2042 amicos.

129 2102 190 2150 ergo
203 2087 272 2148 agite
286 2085 420 2146 etlaetnm
434 2082 519 2130 cuncti
538 2081 696 2129 celebremus
714 2082 864 2146 honorem;

129 2191 265 2240 poscamus
277 2182 379 2231 ventos,
400 2179 477 2235 atque
490 2171 553 2218 haec
566 2184 607 2217 me
620 2185 695 2218 sacra
708 2180 773 2232 quot
787 2176 865 2224 aunis

77 2273 110 2317 60
129 2267 193 2315 urbe
206 2265 267 2314 velit
278 2264 364 2327 posita
377 2261 478 2324 templis
492 2259 539 2307 sibi
553 2258 619 2307 ferre
632 2259 733 2306 dicatis.

129 2356 191 2404 bina
203 2355 282 2403 boum
295 2352 367 2400 vobis
381 2351 461 2399 Troia
473 2354 609 2410 generatus
622 2348 729 2395 Acestes

131 2447 175 2494 dat
187 2458 295 2492 numero
309 2441 395 2504 capita
407 2440 434 2487 in
447 2438 519 2485 navis
530 2454 536 2495 3
557 2435 676 2484 adhibete
689 2444 797 2497 penates

129 2542 156 2584 et
168 2534 265 2598 patrios
279 2531 362 2594 epulis
376 2536 401 2577 et
414 2541 479 2590 quos
493 2525 555 2573 colit
567 2524 661 2586 hospes
677 2524 792 2572 Acestes.

116 2631 267 2689 praeterea,
283 2621 307 2672 si
320 2634 392 2670 nona
406 2616 475 2667 diem
488 2613 646 2664 mortalitas
663 2612 764 2658 almum
