1808 2956
64 175 122 221 104
299 181 325 218 Ρ.
345 179 466 219 VERGILI
484 179 616 220 uussoms

130 345 252 387 contenta
264 337 361 385 cervice
374 336 480 383 trahunt
492 336 628 384 stridentia
641 336 767 398 plaustra.

130 441 182 473 non
196 426 272 487 lupus
285 424 392 472 insidias
405 425 523 486 explorat
537 423 615 472 ovilia
628 424 727 473 circum

129 529 177 563 noc
189 513 310 576 gregibus
324 522 464 559 nocturnus
479 512 647 571 obambulat3
670 513 756 560 acrior
768 514 842 561 illum

131 618 192 652 cura
204 604 307 650 domat:
329 600 411 648 timidi
426 601 545 649 dammae
558 601 677 663 cervique
690 601 797 662 fugaces

60 698 110 741 540
130 706 199 740 nunc
212 691 329 752 interque
343 703 419 737 canes
433 696 458 736 et
471 689 568 737 circum
581 695 649 737 tecta
661 697 798 751 vagantur.

129 780 182 828 iam
194 780 272 828 maris
283 778 393 826 inmensi
406 778 506 840 prolem
519 783 632 838 etgenus
640 791 718 825 omne
726 786 860 828 natantum

129 869 204 917 litore
217 868 243 915 in
257 874 371 915 extremo
385 880 431 914 ceu
445 864 572 926 naufraga
585 879 697 926 corpora
709 866 801 914 fluctus

130 957 241 1019 proluit3
262 955 380 1001 insolitae
394 953 497 1014 fugiunt
508 954 535 1000 iu
547 953 655 1001 flumina
669 953 779 1015 phocae.

130 1044 217 1092 interit
229 1051 255 1091 et
267 1042 349 1090 curvis
363 1041 457 1089 frustra
470 1041 575 1089 defensa
588 1041 693 1090 latebris

62 1138 110 1182 545
130 1133 217 1194 vipera
230 1138 255 1179 et
267 1130 369 1177 attoniti
382 1130 496 1192 squamis
510 1130 671 1177 adstantibus
685 1130 770 1193 hydri.

130 1221 192 1283 ipsis
206 1227 244 1268 est
257 1234 300 1267 aer
313 1218 401 1267 avibus
415 1232 468 1265 non
482 1233 558 1265 aecus
571 1226 597 1265 et
609 1218 672 1266 illae

131 1309 282 1371 praecipites
296 1308 439 1355 altovitam
452 1306 499 1354 sub
512 1305 580 1354 nube
593 1306 732 1355 relincunt.

130 1403 262 1460 praeterea
274 1396 326 1442 iam
338 1410 386 1443 nec
399 1395 492 1442 mutari
506 1394 603 1456 pabula
616 1395 694 1445 refert

131 1485 313 1548 quaesitusque
326 1491 421 1531 nocent
433 1491 516 1542 artes;
537 1497 635 1531 cessere
648 1485 776 1546 magistri,

62 1581 111 1624 550
131 1573 286 1635 Phillyrides
301 1572 399 1620 Chiron
411 1571 654 1634 Amythaoniusque
666 1572 823 1636 Melampus.

130 1663 210 1711 saevit
222 1670 247 1710 et
260 1662 286 1709 in
300 1662 384 1709 lucem
398 1659 493 1722 Stygiis
506 1660 600 1707 emissa
613 1660 726 1708 tenebris

131 1751 231 1814 pallida
243 1749 386 1812 Tisiphone
398 1748 504 1796 Morbos
518 1749 572 1809 agit
585 1756 644 1796 unte
656 1749 808 1813 Metumque

130 1841 208 1902 inque
223 1839 276 1886 dies
290 1838 392 1886 avidum
405 1851 512 1897 surgens
526 1844 603 1899 caput
615 1838 692 1885 altius
707 1838 788 1886 ell'ert.

131 1930 219 1976 balatu
232 1941 354 1991 pecorum
368 1933 393 1972 ct
406 1924 501 1972 crebris
515 1925 656 1986 mugitibus
670 1940 759 1975 amnes

61 2025 111 2069 555
132 2024 283 2079 arentesque
296 2020 390 2062 sonant
403 2014 474 2075 ripae
487 2014 620 2076 collesque
633 2015 728 2076 supini.

130 2109 233 2170 iamque
247 2104 395 2153 catervatim
408 2103 452 2149 dat
464 2108 576 2162 stragem
590 2110 667 2165 utque
680 2112 787 2165 aggerat
799 2104 859 2167 ipsis

131 2198 158 2245 in
171 2195 278 2244 stabulis
292 2192 360 2254 turpi
373 2191 475 2252 dilapsa
488 2190 614 2238 cadavera
626 2191 696 2250 tabo,

132 2287 214 2334 donee
226 2285 305 2331 humo
319 2293 405 2343 tegere
419 2294 449 2327 ao
461 2278 541 2326 foveis
555 2279 713 2328 abscondere
728 2281 840 2330 discunt.

131 2389 191 2422 nam
204 2386 288 2434 neque
302 2377 356 2418 erat
369 2369 445 2418 coriis
458 2382 519 2414 usus
533 2381 580 2415 nec
593 2368 690 2416 viscera
703 2371 842 2433 quisquam

62 2469 111 2513 560
131 2470 176 2512 aut
187 2460 264 2509 undis
277 2460 381 2507 abolore
394 2463 478 2520 potest
490 2463 534 2503 aut
546 2456 647 2505 vincere
660 2458 774 2508 flamma.

130 2566 163 2601 ne
175 2551 282 2598 tondere
296 2549 399 2611 quidem
412 2544 503 2593 morbo
516 2545 663 2608 inluvieque
675 2561 767 2608 peresa

131 2641 227 2690 vellera
239 2653 287 2686 neo
300 2637 363 2686 telas
377 2642 484 2698 possunt
497 2634 623 2695 attingere
636 2645 738 2698 putres3
