1808 2956
294 211 442 250 animnos
466 213 612 252 11111111.
788 208 846 255 381

56 372 104 414 145
125 374 233 429 apparat
247 376 271 415 et
283 382 384 415 mecum
398 368 495 415 invadit
508 369 663 431 trepidantia
676 371 776 420 castra?

124 470 177 502 non
191 456 268 503 armis
282 457 344 504 mihi
358 457 478 515 Volcani,
494 471 547 503 non
561 457 632 505 mille
646 459 738 506 carinis

125 552 162 591 est
175 559 240 606 opus
253 545 280 592 in
293 544 416 592 Teucros.
446 545 543 592 addant
556 559 583 592 se
597 547 713 607 protinus
727 562 816 595 omnes

124 632 225 680 Etrusci
239 634 332 680 socios.
359 626 479 681 'tenebras
494 641 519 681 ct
531 633 624 681 inertia
637 634 704 681 turta
776 695 778 702 y

126 719 259 783 [Palladii,
276 723 357 769 caesis
370 736 485 769 summac
499 721 647 770 custodibus
661 723 750 786 arcia]

54 815 104 856 150
125 824 156 857 nc
169 810 285 858 timeant.
311 825 359 858 nec
373 810 431 872 equi
445 824 523 857 caeca
536 810 675 858 condemur
687 810 714 857 in
728 811 801 858 alvo:

124 899 181 946 luce
195 899 282 960 palam
295 906 392 947 certum
406 905 444 946 est
456 898 510 959 igni
525 898 682 946 circumdare
695 913 791 946 muros.

125 987 193 1032 haud
208 987 256 1033 sibi
270 1002 328 1034 eum
341 987 440 1035 Danais
453 1001 508 1034 rem
520 986 580 1033 faxo
595 994 619 1034 ct
631 986 699 1048 pube
713 986 823 1048 Pelasga

126 1089 179 1121 esse
193 1081 297 1136 putent,
319 1075 447 1123 decimum
465 1089 529 1136 quos
548 1075 647 1122 distulit
659 1074 755 1122 Hector
767 1075 793 1121 in
808 1090 853 1122 an-

425 1178 495 1210 num.

126 1266 195 1298 nunc
208 1252 283 1309 adeo,
299 1251 391 1298 melior
404 1252 527 1313 quoniam
541 1266 599 1313 pars
612 1259 669 1299 acta
683 1252 743 1310 dici,

56 1345 104 1387 155
126 1340 194 1401 quod
209 1348 331 1402 superest,
352 1341 412 1388 laeti
426 1340 490 1388 bene
504 1341 582 1401 gestis
597 1354 705 1401 corpora
717 1339 793 1386 rebus

124 1436 270 1490 procurate,
286 1428 342 1487 viri,
358 1439 383 1475 ct
396 1443 510 1490 pugnam
524 1435 624 1488 sperate
637 1419 741 1489 parari.'

125 1517 223 1565 interea
236 1518 343 1577 vigilum
357 1516 471 1563 excubiis
486 1515 604 1562 obsidere
618 1522 704 1576 portas

126 1619 187 1650 cura
201 1606 275 1651 (latur
288 1605 408 1664 Messapo
423 1610 448 1650 et
460 1603 563 1650 moenia
577 1603 679 1662 cingere
692 1601 811 1648 flammis.

126 1692 164 1737 bis
179 1699 276 1752 septem
288 1691 387 1747 Rutuli,
403 1704 490 1736 muros
504 1689 547 1751 qui
561 1689 642 1736 milite
655 1697 762 1746 servent,

57 1785 106 1827 160
127 1779 234 1836 delecti,
250 1787 288 1825 ast
300 1779 360 1825 illos
374 1778 473 1825 centeni
488 1792 616 1839 quemque
629 1784 750 1824 secuntur

126 1868 247 1930 purpurei
261 1867 344 1914 cristis
356 1866 460 1913 iuvenes
474 1879 588 1927 auroque
602 1865 711 1913 corusci.

126 1956 271 2003 discurrunt
285 1955 435 2016 variantque
448 1955 514 2002 vices
528 1953 629 2016 fusique
642 1968 688 2015 per
700 1953 807 2001 herbam

126 2045 262 2105 indulgent
274 2045 334 2090 vino
348 2050 373 2091 et
385 2050 486 2090 vertunt
499 2052 610 2091 crateras
624 2056 711 2090 aenos.

125 2134 263 2182 conlucent
276 2133 358 2194 ignes,
374 2139 476 2179 noctem
490 2131 607 2178 custodia
620 2131 691 2178 ducit

57 2226 104 2268 165
125 2221 269 2270 insomnem
283 2222 353 2268 ludo.

161 2309 231 2357 Haec
244 2325 320 2372 super
334 2324 346 2356 e
360 2309 429 2356 vallo
443 2314 609 2370 prospectant
621 2307 703 2354 Troes
717 2314 742 2354 et
754 2307 832 2353 annis

126 2400 179 2445 alta
193 2406 280 2446 tenent
292 2412 339 2445 nco
353 2411 406 2443 non
419 2396 511 2458 trepidi
525 2395 662 2442 formidine
674 2378 762 2456 portas

126 2486 263 2548 explorant
275 2485 414 2547 pontisque
428 2492 452 2531 et
464 2483 663 2544 propugnacula
675 2483 794 2542 iungunt,

127 2574 178 2621 tela
191 2582 292 2634 gerunt.
321 2573 418 2619 instant
430 2570 580 2618 Mnestheus
593 2583 710 2628 acerque
716 2567 862 2613 &exessum

54 2667 105 2708 170
124 2676 188 2720 quos
199 2670 274 2721 pater
286 2663 404 2722 Aeneas,
420 2660 560 2725 siquando
573 2657 695 2706 aduersa
704 2647 857 2749 spen-*ms

667 2733 717 2778 ’λδ
