1808 2956
263 159 432 201 enoefflcou
450 162 538 201 LIBER
554 163 596 202 111.
768 156 821 204 101

98 330 158 364 cum
171 314 234 363 furit
247 322 324 379 etque
337 323 406 365 artus
421 317 567 379 depascitur
581 319 654 367 eride
667 319 753 382 febris,

97 403 197 466 profuit
208 403 328 452 incensos
341 413 426 453 aestus
439 414 552 455 evertere
565 413 590 454 et
602 407 669 457 inter

46 496 78 540 60
96 491 152 540 ime
164 491 241 541 ferire
253 493 326 554 pedis
340 493 475 542 salientem
488 494 614 556 sanguine
628 511 728 555 venem,

95 580 213 629 Bisaltae
226 595 277 643 quo
292 596 363 630 more
376 583 461 630 solent
473 597 582 646 acerque
596 583 720 642 Gelonus,

96 683 158 717 cum
176 668 243 730 fugit
260 668 287 716 in
299 669 445 733 Rhodopen
460 678 536 733 atque
548 672 575 718 in
589 673 690 721 deserte
703 671 826 721 Getarum

95 763 123 806 et
134 757 177 806 lac
190 764 339 806 concretum
352 774 410 807 cum
423 760 549 820 sunguine
562 767 635 822 potat
648 761 752 822 equino.

96 859 177 908 quam
190 846 281 908 procul
295 853 340 895 aut
352 847 426 895 molli
444 848 580 896 succedere
598 848 700 910 saepius
719 847 825 897 umbrae

46 937 74 981 55
95 933 190 982 videris
204 943 249 982 eut
261 949 374 984 summes
388 942 535 998 carpentem
548 937 665 998 ignavius
679 936 771 984 herbas

95 1029 290 1086 extremamque
307 1024 380 1087 sequi
394 1033 439 1072 aut
451 1024 536 1072 medio
550 1025 718 1086 procumbere
732 1039 824 1086 cumpo

94 1118 245 1174 pascentem
258 1119 283 1160 et
295 1126 367 1161 serae
380 1112 464 1160 solem
478 1112 600 1161 decedere
614 1113 692 1173 nocti,

94 1200 220 1248 continuo
234 1200 339 1262 culpem
352 1199 419 1248 ferro
433 1215 567 1262 compesce
580 1201 650 1263 prius
665 1217 743 1263 quam

94 1287 152 1336 dire
165 1302 211 1350 per
223 1288 356 1336 incentum
370 1295 474 1350 serpant
487 1289 608 1350 contegis
620 1290 722 1350 volgus.

46 1380 75 1424 lo
94 1391 149 1423 non
162 1382 216 1423 tam
228 1376 317 1425 creber
330 1390 409 1438 egens
422 1375 533 1424 hiemem
551 1377 602 1425 ruit
619 1391 730 1439 aequore
749 1375 823 1423 turbo

94 1479 175 1527 quam
187 1464 286 1512 multae
299 1465 427 1526 pecudum
440 1473 531 1526 pestes.
564 1479 611 1513 nec
624 1465 728 1526 singule
740 1464 822 1512 morbi

94 1565 206 1614 corpore
218 1551 370 1613 corripiunt,
385 1554 429 1601 scd
443 1559 498 1600 tota
511 1554 607 1603 aestive
619 1561 732 1616 repente,

93 1654 219 1702 spemque
232 1654 389 1703 gregemque
402 1642 479 1689 simul
493 1650 664 1704 cunctamque
678 1640 709 1689 ab
723 1641 823 1701 origine

394 1736 506 1789 gentem.

92 1825 149 1866 tum
162 1817 235 1875 sciet,
251 1817 333 1865 eerias
346 1817 428 1880 Alpes
442 1824 467 1865 et
478 1817 574 1865 Norica
586 1818 666 1879 siquis

46 1910 72 1954 75
93 1905 203 1954 castelle
215 1905 242 1952 in
255 1905 360 1952 tumulis
375 1912 400 1953 et
411 1905 515 1967 Iapydis
529 1920 589 1953 arva
601 1905 701 1953 Timavi

92 2007 164 2040 nunc
178 2006 281 2056 quoquc
294 2001 352 2056 post
365 2001 437 2042 tanto
450 1994 535 2042 videet
548 1994 700 2055 desertaque
713 2007 793 2054 regna

91 2087 226 2144 pastorum
239 2089 264 2130 et
276 2084 355 2143 longe
368 2084 449 2130 saltus
463 2082 565 2143 lateque
578 2081 701 2130 vacantis.

128 2169 178 2217 Hic
191 2172 323 2232 quondam
337 2170 428 2218 morbo
442 2171 507 2218 caeli
520 2170 667 2218 miserande
680 2176 794 2216 coortest

92 2265 232 2320 tempestas
245 2266 352 2321 totoque
366 2259 481 2306 autumni
494 2257 629 2306 incanduit
644 2264 715 2305 aestu

46 2351 72 2394 30
92 2353 119 2396 et
129 2360 211 2408 genus
223 2361 299 2394 omne
311 2347 367 2395 neci
379 2347 506 2409 pecudum
519 2346 597 2404 dedit,
612 2360 688 2393 omne
699 2345 819 2402 serarum,

92 2434 259 2496 corrupitque
273 2435 353 2493 lacus,
368 2433 457 2482 infecit
469 2433 566 2496 pabula
579 2433 648 2481 tabo.

91 2537 141 2571 nec
154 2521 196 2569 via
208 2522 297 2570 mortis
311 2530 366 2570 eret
377 2522 496 2584 simplex,
512 2523 556 2569 sed
570 2521 613 2568 ubi
627 2521 704 2582 ignea
716 2520 786 2569 venis

92 2609 214 2657 omnibus
228 2618 285 2659 ecta
298 2610 353 2658 sitis
365 2611 472 2658 miseros
487 2610 630 2658 adduxerat
643 2616 720 2671 artus¹
