1808 2956
64 161 119 208 116
299 167 325 207 Ρ.
341 165 462 205 vaaelul
479 163 610 204 MARONIS

165 324 192 373 si
206 338 274 382 vero,
290 322 414 386 quoniam
427 336 501 370 casus
515 322 605 384 apibus
619 333 723 384 qnoque
737 328 838 369 nostros

129 414 180 462 vita
192 413 259 470 tulit,
275 412 339 459 tristi
354 410 513 472 languebunt
526 424 635 473 corpora
647 410 738 457 morbo
752 437 787 444 —-

130 503 199 565 quod
213 501 265 549 iam
278 515 331 546 non
345 499 428 546 dubiis
442 499 537 561 poteris
551 513 707 560 cognoscere
720 498 816 560 signis:

131 591 253 638 continuo
267 596 305 636 est
318 587 400 649 aegris
415 587 480 635 alius
494 587 574 645 color,
590 587 696 635 horrida
708 588 808 634 voltum

61 685 110 728 255
131 678 257 727 deformat
270 677 373 734 macies,
390 683 444 722 tum
457 690 566 738 corpora
579 676 636 724 luce
649 683 783 724 carentum
868 713 873 723 .

132 773 268 830 exportant
281 766 353 813 tectis
367 771 392 813 et
404 763 487 811 tristia
499 763 589 812 funera
603 764 708 821 ducunt,

132 863 176 903 aut
188 855 249 902 illae
262 853 370 916 pedibus
384 867 498 900 conexae
512 852 544 900 ad
558 852 650 900 limina
663 853 786 915 pendent,

133 951 177 991 aut
189 944 256 990 intus
271 941 365 1011 clausis
379 948 532 988 cunctantur
544 941 571 988 in
585 940 700 998 aedibus,
717 956 807 990 omncs

133 1033 291 1092 ignavaeque
305 1030 371 1076 farne
385 1036 410 1077 et
423 1036 555 1077 contracto
569 1028 664 1090 frigore
678 1029 767 1091 pigrae

63 1125 113 1168 260
133 1120 200 1182 (tum
212 1132 289 1165 sonus
304 1117 406 1164 auditur
418 1117 521 1177 gravior
534 1117 686 1179 tractimque
698 1127 841 1177 susurrant,

135 1207 241 1268 frigidus
255 1212 283 1252 ut
296 1205 427 1267 quondam
440 1204 511 1252 silvis
524 1206 695 1270 inmurmurat
707 1215 801 1264 auster,

134 1303 163 1343 ut
174 1310 244 1342 mare
258 1293 397 1341 sollicitum
410 1294 495 1340 stridit
507 1294 671 1342 refluentibus
684 1295 771 1353 undis,

133 1389 232 1431 aestuat
245 1389 273 1429 ut
286 1381 379 1429 clausis
393 1382 497 1443 rapidus
511 1383 659 1430 fornacibus
672 1383 769 1447 ignis):

133 1471 175 1519 hic
188 1471 240 1518 iarn
253 1470 394 1531 galbaneos
408 1470 522 1518 suadebo
535 1471 672 1520 incendere
686 1473 778 1521 odores

64 1564 113 1608 265
133 1559 264 1620 mellaque
277 1558 443 1606 harundineis
457 1559 550 1606 inferre
564 1560 707 1618 canalibus,
724 1563 792 1609 ultro

134 1647 279 1695 hortantem
292 1655 317 1694 et
329 1647 408 1695 sessos
423 1648 454 1695 ad
468 1647 566 1710 pabula
579 1655 640 1694 nota
652 1658 797 1699 vocantem.

134 1737 248 1799 proderit.
261 1743 286 1784 et
299 1743 402 1783 tunsum
414 1737 500 1797 gallae
514 1735 654 1784 admiscere
667 1752 788 1800 saporem

135 1825 280 1887 arentisque
293 1840 364 1872 rosas
379 1832 423 1872 aut
435 1824 488 1885 igni
503 1824 609 1886 pinguia
624 1827 705 1873 multo

134 1913 235 1961 defruta
246 1913 286 1961 vel
300 1913 395 1976 psithia
408 1928 497 1976 passos
511 1913 542 1961 de
556 1913 605 1961 vite
618 1929 734 1963 racemos

65 2005 116 2050 270
136 1999 342 2064 Cecropiumque
356 2002 471 2064 thymum
484 2008 509 2048 ct
520 2016 597 2060 grave
609 2004 860 2052 olentiacentaurea.

135 2097 173 2138 est
185 2089 262 2138 etiam
275 2090 321 2136 flos
335 2090 361 2136 in
375 2090 454 2151 pratis
468 2089 508 2136 cui
522 2104 616 2138 nornen
631 2092 727 2139 amello

135 2179 217 2226 fecere
230 2179 370 2239 agricolae,
386 2178 468 2226 facilis
483 2180 664 2240 quaerentibus
678 2179 775 2240 herba3

135 2282 246 2330 namque
259 2282 311 2314 uno
325 2267 455 2328 ingentem
468 2267 538 2315 tollit
551 2269 582 2316 de
596 2269 708 2331 caespite
725 2271 826 2328 silvam,

135 2371 227 2404 aureus
241 2355 304 2418 ipse,
320 2355 365 2402 sed
379 2356 405 2402 in
419 2356 497 2414 soliis,
513 2371 580 2418 quae
594 2357 705 2418 plurima
720 2359 817 2407 circum

64 2447 114 2493 275
134 2444 285 2503 funduntur,
300 2444 384 2491 violae
398 2444 515 2492 sublucet
527 2460 641 2507 purpura
654 2445 759 2507 nigrae;

135 2547 211 2595 saepe
225 2534 301 2581 deum
315 2532 387 2579 nexis
401 2540 507 2581 ornatae
520 2533 653 2595 torquibus
668 2549 747 2594 arae;

122 2634 204 2682 asper
213 2621 241 2670 in
255 2636 302 2672 ore
313 2636 410 2686 sapor3
433 2621 516 2671 tonsis
529 2621 559 2668 in
570 2621 684 2670 vaii'ibas
694 2623 774 2670 itiam
