1808 2956
65 162 123 213 516
303 171 329 210 r.
348 168 467 211 vescint
487 167 620 210 naseins

133 330 229 378 viribus
242 329 311 378 haud
326 329 385 376 ullis
399 328 479 376 valuit
492 328 637 377 discludere
650 344 751 377 morsus

134 418 233 465 roboris
247 419 358 465 Aeneas.
387 419 448 465 dum
461 417 551 464 nititur
564 432 624 465 acer
638 424 663 465 et
675 418 763 477 instat,
812 482 814 487 Ι

135 522 222 554 rursus
235 507 262 553 in
276 506 381 567 aurigae
394 506 487 553 faciem
500 520 623 553 conversa
636 506 738 554 Metisci

66 599 115 644 785
135 595 263 658 procurrit
277 595 400 657 fratrique
413 608 500 642 ensem
514 594 562 641 dea
574 593 682 642 Daunia
694 596 786 644 reddit.

136 685 205 746 quod
219 683 306 731 Venus
321 684 411 731 audaci
426 682 554 745 nymphae
567 682 704 744 indignata
718 684 793 732 licere

135 772 243 820 accessit
256 772 387 833 telumque
400 772 452 819 alta
465 771 496 818 ab
510 771 598 819 radice
612 773 720 820 revellit.

136 861 181 908 olli
196 861 327 917 sublimes,
344 861 421 907 armis
434 859 580 922 animisque
592 860 691 919 resecti,

135 949 177 997 hic
190 949 278 1011 gladio
292 949 382 1007 fidens,
398 949 440 996 hic
453 963 511 996 acer
525 957 550 996 et
563 949 658 996 arduos
672 949 757 1007 hasta,

67 1041 117 1088 790
137 1038 264 1085 adsistunt
277 1046 367 1085 contra
380 1037 520 1085 certamina
532 1036 622 1084 Martis
636 1037 733 1085 anheli.

171 1126 298 1173 Iunonem
311 1126 409 1173 interea
421 1142 466 1174 rex
480 1126 663 1187 omnipotentis
678 1125 782 1188 Olympi

138 1215 294 1276 adloquitur,
310 1214 379 1261 fulva
392 1230 492 1276 pugnas
507 1214 538 1261 de
552 1214 620 1262 nube
634 1222 756 1263 tuentem.

146 1317 212 1364 qnae
224 1303 276 1349 iam
290 1303 347 1349 iinis
358 1304 414 1360 erit,
428 1301 558 1350 coniunx?
575 1302 637 1364 quid
649 1304 762 1367 denique
771 1297 850 1350 restat?

137 1391 277 1451 indigetem
290 1392 397 1439 Aenean
412 1393 461 1439 seis
475 1392 531 1454 ipsa
544 1398 569 1438 et
581 1391 646 1438 scire
659 1391 747 1440 fateris

68 1483 117 1528 795
137 1478 224 1527 deberi
238 1480 310 1526 caelo
324 1479 435 1542 fatisque
451 1481 483 1527 ad
497 1480 582 1527 sidera
594 1479 661 1527 tolli.

137 1568 198 1630 quid
212 1568 306 1614 struis?
325 1576 370 1615 aut
383 1584 435 1630 qua
447 1584 491 1631 spe
504 1568 597 1630 gelidis
605 1568 632 1615 in
640 1567 753 1616 nubibus
761 1562 852 1616 haere?

137 1656 258 1705 mortalia
273 1657 358 1704 decuit
370 1657 460 1704 violari
473 1658 576 1705 voluero
590 1656 694 1704 divom?

137 1753 181 1791 aut
195 1760 281 1793 ensem
294 1744 367 1807 (quid
383 1746 452 1793 enim
465 1746 520 1793 sine
533 1753 557 1793 tc
569 1744 678 1793 Iuturna
690 1744 815 1807 valereti)

137 1845 252 1895 ereptum
265 1833 336 1881 reddi
350 1833 439 1881 'l'urno
453 1842 478 1882 et
490 1835 541 1882 rim
555 1848 667 1882 erescere
680 1834 774 1882 vietis?

67 1924 117 1968 800
138 1921 225 1969 desine
239 1922 290 1969 iam
305 1923 408 1970 tandem
421 1923 591 1986 precibusque
604 1922 735 1971 inflectere
748 1921 835 1970 nostris

138 2023 185 2056 nec
199 2017 223 2057 te
237 2018 321 2057 tantus
335 2011 394 2058 edat
407 2012 511 2059 tacitam
525 2012 599 2058 dolor
613 2011 714 2058 etmihi
729 2026 804 2060 curae

137 2112 214 2159 saepe
227 2106 270 2145 tuo
286 2099 354 2147 dulci
368 2099 450 2147 tristes
465 2115 496 2147 ex
510 2114 553 2147 ore
567 2106 707 2147 recursent.

137 2192 240 2233 rentum
253 2187 284 2234 ud
299 2201 446 2248 supremum
460 2195 505 2235 cst.
534 2187 606 2234 terris
624 2189 723 2248 agitare
737 2189 777 2237 rel
791 2186 857 2236 undis

137 2273 263 2321 Troianos
276 2274 391 2337 potuisti,
407 2275 541 2322 infandum
555 2276 696 2324 accendere
709 2277 815 2335 beilum,

67 2366 117 2409 805
138 2362 282 2410 deformare
295 2363 400 2410 domum
414 2371 438 2411 et
451 2364 521 2412 luctu
534 2365 640 2412 miscere
655 2363 827 2427 hymenaeos:

136 2450 242 2497 ulterius
255 2458 380 2513 temptare
393 2444 469 2500 reto'
494 2452 530 2500 sic
543 2452 659 2515 luppiter
672 2468 763 2514 orsus;

135 2538 173 2587 sie
186 2539 234 2588 dea
247 2539 373 2588 submisso
387 2549 476 2588 contra
490 2539 611 2589 Saturnia
624 2542 704 2589 voltu.

125 2617 185 2682 ‘ista
200 2632 314 2701 quidem
327 2632 392 2698 quia
404 2640 470 2680 nota
481 2629 547 2677 nidd
557 2636 615 2685 tua,
624 2642 732 2684 aragne„
742 2633 865 2682 sensuras*
