1808 2956
64 185 124 230 396
303 192 328 230 Ρ.
346 189 466 228 vulsella
488 188 619 227 ultiouis

133 349 193 396 hine
213 357 291 409 atque
310 347 371 394 ltine
391 336 545 407 omnemque
558 345 657 392 abitum
672 348 783 396 custode
796 361 865 395 coro·

434 441 506 480 nant.

135 525 199 573 silva
213 523 261 572 suit
274 524 325 571 late
339 522 422 569 dumis
436 529 513 584 atque
526 522 586 569 ilice
599 521 675 583 nigra

64 618 115 662 380
135 613 249 670 horrida,
265 625 342 673 quam
357 610 429 657 densi
443 610 596 672 conplerant
608 609 726 671 undique
740 618 842 670 seutes3

135 717 193 749 rara
206 716 251 763 par
264 700 380 747 occultos
394 699 496 746 lucebat
509 698 600 746 semita
613 698 702 745 calles.
760 691 766 701 ⁸

133 790 274 851 Euryalum
288 788 407 852 tenebrae
420 801 549 834 ramorum
564 800 727 848 onerosaque
742 789 840 850 praeda

134 877 269 940 inpediunt
283 877 400 938 fallitque
413 875 490 922 timor
503 875 608 936 regione
621 875 730 922 viarum.

134 966 210 1014 Nisus
223 965 285 1012 abit.
313 965 417 1026 iamque
429 963 571 1026 inprudens
584 971 700 1010 eraserat
714 963 796 1012 hostis

64 1061 114 1103 385
135 1070 165 1102 ac
179 1055 252 1102 lucos
265 1054 308 1115 qui
322 1061 381 1115 post
393 1053 478 1100 Albae
492 1053 522 1099 de
536 1052 640 1099 nomine
654 1051 716 1099 dicti

135 1143 240 1200 Albani,
250 1149 309 1206 ,tum
323 1156 368 1189 rex
381 1141 484 1188 stabula
497 1141 550 1187 alta
563 1139 670 1187 Latinus
684 1139 813 1190 habebat:

136 1240 164 1277 ut
177 1230 245 1278 stetit
258 1237 283 1277 et
296 1231 390 1276 l'rustra
403 1228 535 1276 absentem
549 1228 660 1291 respexit
673 1229 798 1287 amicum,

132 1309 255 1380 ‘Euryale
268 1318 366 1376 infelix,
383 1333 435 1379 qua
448 1323 472 1364 te
485 1318 591 1378 regione
604 1317 717 1378 reliqui?

137 1421 218 1469 quave
231 1421 336 1469 sequar,
357 1420 443 1452 rursus
463 1405 615 1466 perplexum
632 1405 681 1452 iter
694 1418 772 1454 omne
787 1406 866 1454 revol-

436 1508 497 1540 vens

64 1590 115 1633 390
136 1585 235 1632 lallacis
249 1576 354 1632 silvnei'
372 1582 448 1630 simul
463 1589 488 1629 et
500 1581 608 1642 vestigia
621 1588 688 1628 retro

136 1674 271 1721 observata
283 1673 347 1733 legit
359 1671 495 1732 dumisque
508 1669 643 1717 silentibus
656 1676 731 1716 errat.

136 1763 208 1810 audit
220 1776 310 1823 equos,
326 1760 397 1807 audit
410 1759 530 1820 strepitus
545 1767 569 1806 et
582 1759 657 1819 signa
669 1766 834 1819 sequentum.

135 1866 182 1899 nac
196 1852 303 1911 longum
316 1850 342 1895 in
356 1848 440 1895 medio
455 1854 565 1909 tempus,
581 1847 787 1894 eumclamorad
797 1846 865 1894 auris

136 1940 251 2001 pervenit
274 1953 304 1985 ae
329 1937 397 1984 videt
413 1936 570 1997 Euryalum,
598 1949 675 1996 quem
701 1934 753 1981 iam
774 1949 865 1982 manus

438 2025 530 2081 omnis,

64 2121 114 2164 395
136 2115 225 2163 frande
239 2115 289 2162 loci
303 2122 328 2162 et
340 2114 432 2171 noetis,
447 2113 532 2159 subito
546 2110 664 2157 turbante
677 2111 800 2168 tumultu,

135 2218 286 2266 oppressum
300 2204 367 2265 rapit
380 2209 405 2250 et
419 2208 555 2249 conantem
568 2199 680 2261 plurima
693 2199 798 2245 trustra.

136 2292 197 2355 quid
213 2292 307 2340 l'nciutl
327 2307 379 2354 ilua
392 2291 415 2336 vi
429 2291 554 2346 iuvenem,
570 2288 663 2350 quibus
677 2287 775 2335 audeat
788 2287 864 2335 armis

136 2381 250 2443 eripere?
263 2395 296 2428 an
310 2395 365 2428 sese
378 2379 475 2426 medios
489 2378 628 2424 moriturus
642 2377 668 2422 in
681 2374 769 2422 hostes

136 2471 228 2517 inferat
241 2480 265 2517 et
279 2470 414 2532 pulchram
428 2474 549 2529 properet
562 2479 606 2527 per
620 2464 725 2511 volnera
738 2461 864 2511 mortem?

63 2564 116 2606 400
136 2560 207 2607 ocius
221 2559 333 2606 adducto
347 2567 469 2618 turquens
483 2554 695 2610 lastinianum,

121 2650 274 2715 suspiciens
289 2649 374 2700 altam
387 2647 504 2702 Lunam,
518 2642 558 2689 sie
569 2654 634 2686 rnee
644 2645 774 2698 uremur.
