1808 2956
224 185 372 224 Anumnos
395 187 481 224 ulnus
498 188 559 225 rur.
729 180 787 226 375

63 342 125 388 dum
139 349 172 399 te,
189 355 247 388 care
259 356 331 402 puer,
347 356 404 390 mea
417 343 474 389 sola
487 351 512 390 et
525 357 581 390 sera
594 344 722 405 voluptas,

63 429 206 491 conplexus
219 437 304 487 teneo,
320 431 422 491 gravior
435 444 485 477 neu
498 431 603 478 nuntius
616 433 684 479 auris

62 508 197 567 volueret'
222 517 286 566 hacc
299 519 401 579 genitor
415 519 530 579 digressu
544 519 612 567 dicta
625 534 745 582 supremo
771 521 773 523 ’

63 606 197 663 fundebat,
212 606 304 654 famuli
318 608 470 668 conlapsum
483 607 510 654 in
523 614 590 655 tecta
603 607 727 656 ferebant,

10 700 42 743 85
98 695 206 756 Iamque
219 695 285 742 adeo
298 696 395 743 exierat
408 696 488 758 portis
502 695 630 757 equitatus
644 698 748 758 apertis,

62 784 165 831 Aeneas
179 782 245 830 inter
258 784 354 845 primos
368 791 393 831 et
405 783 470 830 lidus
483 784 606 842 Achates,

62 872 123 919 inde
137 871 181 918 alii
194 870 289 919 Troiae
303 886 431 933 proceres,
446 872 501 933 ipse
515 873 618 932 agmine
631 873 718 920 Pallas

63 960 91 1006 in
104 961 204 1017 medio,
221 959 356 1021 chlamyde
369 967 394 1006 et
407 960 482 1022 pictis
496 967 648 1022 conspectus
661 961 688 1007 in
702 962 788 1019 armis,

63 1044 148 1110 qualis
162 1048 205 1095 ubi
220 1047 317 1096 Oceani
331 1048 448 1110 perfusus
462 1048 566 1096 Lucifer
578 1049 657 1106 unda,

11 1143 43 1185 90
64 1151 141 1199 quem
153 1136 241 1184 Venus
255 1144 315 1184 anre
328 1137 395 1184 alios
408 1144 536 1185 astrorum
549 1137 635 1199 diligit
646 1138 723 1198 ignis,

63 1226 156 1274 extulit
169 1239 197 1271 os
210 1239 311 1272 sacrum
325 1226 398 1273 caelo
412 1224 581 1287 tenebrasque
594 1226 706 1273 resolvit.

63 1320 132 1361 stant
144 1313 252 1375 pavidae
265 1312 292 1359 in
306 1314 385 1361 muris
399 1321 492 1361 matres
506 1314 639 1375 oculisque
653 1323 774 1363 secuntur

63 1402 210 1464 pulveream
223 1401 317 1448 nubem
331 1410 356 1449 et
369 1401 491 1463 fulgentis
504 1416 562 1449 aere
576 1409 699 1451 catervas.

63 1489 109 1537 olli
122 1503 168 1551 per
181 1489 272 1536 dumos
287 1505 338 1551 qua
351 1491 470 1552 proxima
482 1497 551 1538 meta
563 1490 662 1538 viarum

11 1584 43 1627 95
64 1578 156 1627 armati
170 1577 294 1635 tendunt3
314 1579 335 1624 it
348 1580 446 1626 clamor
459 1585 484 1625 et
496 1578 600 1639 agmine
613 1579 681 1626 sacto

64 1666 275 1728 quadrupedante
294 1673 394 1728 putrem
414 1667 499 1713 sonitu
517 1666 600 1728 quatit
612 1667 711 1726 ungula
724 1682 792 1715 canr-

365 1770 435 1816 pum.

64 1849 102 1891 est
115 1843 206 1903 ingens
220 1843 335 1904 gelidum
349 1845 515 1917 lucusprope
529 1841 639 1890 Caeritis
652 1856 765 1899 amnerm

63 1931 190 1991 religione
204 1940 306 1993 patrum
321 1933 372 1980 late
386 1925 474 1989 saecr3
495 1931 609 1992 undique
623 1931 703 1978 colles

64 2019 191 2066 inclusere
205 2021 260 2067 cavi
275 2027 300 2067 et
312 2021 387 2081 nigra
399 2034 489 2068 nemus
504 2019 586 2066 abiete
600 2018 716 2079 cingunt.

10 2113 44 2155 00
63 2106 171 2156 Silvano
184 2107 253 2156 sama
266 2116 305 2156 est
317 2117 413 2156 veteres
428 2122 543 2156 sacrasse
555 2108 688 2168 Pelasgos,

64 2211 184 2246 arvorum
196 2198 348 2259 pecorisque
361 2197 419 2255 deo,
435 2198 574 2258 lucumque
587 2195 714 2256 diemque,

65 2286 109 2348 qui
123 2285 199 2348 primi
213 2286 270 2332 linis
284 2286 426 2347 aliquando
439 2284 552 2333 habuero
564 2284 683 2332 Latinos.

65 2375 134 2422 haud
150 2374 239 2436 procul
253 2373 423 2421 hincTarcho
437 2380 462 2421 et
469 2371 595 2434 Tyrrheni
609 2370 794 2418 tutatenebant

66 2470 150 2512 castra
163 2463 227 2511 locis
241 2464 361 2524 celsoque
375 2461 458 2509 omnis
472 2461 503 2508 de
517 2460 584 2508 colle
597 2460 676 2508 videri

12 2558 45 2601 05
65 2553 117 2600 iam
131 2559 232 2614 poterat
244 2551 313 2611 legio
326 2556 352 2597 et
363 2550 423 2597 latis
436 2548 558 2596 tendebat
570 2548 596 2594 in
610 2548 685 2596 arvis.

62 2640 115 2686 lruc
124 2648 201 2701 parer
212 2640 317 2687 Aeneas
332 2646 358 2688 et
370 2639 444 2693 bello
457 2638 673 2690 lecturiremus
