1808 2956
272 139 441 181 (raonfflcon'
459 142 546 181 Liada
563 143 594 181 11.

137 296 285 346 Seminibus
298 297 388 360 positis
401 305 518 361 superest
531 299 653 348 diducere
666 308 761 348 terram

50 393 81 436 55
102 387 206 450 saepius
219 386 252 434 ad
266 386 351 448 capita
364 395 389 435 et
402 387 479 435 duros
492 388 589 436 iactare
602 387 723 447 bidentis,

101 483 147 523 aut
159 489 248 538 presso
261 489 380 524 exercerc
393 477 479 524 solum
492 477 539 524 sub
552 491 654 525 vomere
668 485 693 524 ct
705 477 762 538 ipsa

100 565 203 613 flectere
216 565 342 613 luctantes
356 565 423 612 inter
436 566 521 613 vineta
534 565 654 613 iuvencos
666 581 672 622 ;

100 661 156 702 tum
169 653 233 701 levis
246 653 361 701 calamos
375 662 400 701 ct
413 669 486 702 rasae
499 654 605 702 hastilia
617 655 703 715 virgae

101 742 283 804 fraxineasque
296 749 384 804 aptare
398 743 474 790 sudes
487 743 624 805 furcasque
637 742 754 799 valentis,

48 836 80 880 60
100 830 198 878 viribus
211 830 273 879 eniti
287 845 397 893 quarum
410 840 435 880 et
448 839 612 879 contemnere
624 839 713 878 ventos

100 921 257 970 adsuescant
269 934 434 982 summasque
447 920 519 982 sequi
539 919 656 968 tabulata
673 934 719 981 per
735 919 830 966 ulmos.

136 1009 251 1058 Accium
264 1010 348 1072 prima
361 1009 432 1056 novis
446 1009 572 1056 adolescit
584 1008 718 1056 frondibus
733 1000 822 1064 aetas,

100 1098 261 1161 parcendum
274 1099 376 1156 teneris,
393 1106 418 1146 et
432 1098 493 1145 darn
506 1112 533 1144 se
546 1098 628 1145 iaetus
642 1097 674 1144 ad
689 1111 765 1144 auras

100 1188 201 1250 palmes
215 1187 277 1248 agit,
293 1187 359 1235 laxis
373 1201 418 1249 per
431 1201 524 1248 purum
537 1186 658 1234 inmissus
672 1186 788 1242 habenis,

48 1281 79 1323 65
100 1276 158 1339 ipsa
171 1276 226 1324 acie
240 1275 355 1322 nondum
368 1275 442 1322 falcis
455 1275 613 1337 temptanda,
629 1275 673 1323 scd
688 1275 759 1322 uncis

101 1365 247 1427 carpendae
260 1364 379 1412 manibus
392 1364 497 1411 frondes
510 1364 627 1426 interque
640 1364 774 1425 legendae.

101 1454 162 1502 inde
176 1453 219 1500 ubi
233 1453 286 1501 inm
298 1453 389 1501 validis
403 1453 538 1515 amplexae
552 1451 673 1514 stirpibus
687 1452 771 1499 ulmos

101 1542 221 1600 exierint,
238 1549 291 1590 turn
304 1543 401 1603 stringe
416 1556 511 1599 comas,
528 1549 581 1589 tum
596 1541 717 1589 bracchia
730 1541 808 1588 tonde

100 1631 174 1695 (ante
187 1631 357 1678 reformidant
369 1631 485 1692 ferrum),
502 1638 556 1678 tum
569 1631 680 1691 deniqne
694 1630 758 1676 dura

51 1726 80 1769 70
100 1734 193 1769 exerce
206 1720 314 1782 imperia
327 1728 352 1767 et
363 1735 449 1767 ramos
463 1734 597 1782 compesce
613 1720 729 1766 flncntes.

136 1809 277 1856 Texendae
289 1823 378 1871 saepes
390 1810 468 1857 ctiam
480 1817 590 1871 etpecus
598 1822 673 1855 omne
681 1807 830 1864 tenendum,

99 1898 239 1962 praecipue
247 1897 385 1946 dumfrons
393 1906 482 1946 tenera
493 1898 685 1960 inprudensque
697 1895 831 1953 laborum,

101 1987 144 2036 cui
157 2000 235 2048 super
247 1986 366 2048 indignas
380 1986 477 2034 hiemes
491 1987 622 2047 solemque
636 1992 767 2048 potentem

99 2077 229 2124 silvestres
242 2075 281 2122 uri
296 2075 404 2124 adsidue
417 2090 561 2138 capraeque
574 2088 697 2136 sequaces

49 2170 80 2222 75
99 2165 232 2220 inludunt,
248 2172 388 2226 pascuntur
400 2179 459 2213 oves
473 2164 614 2225 avidaeque
627 2163 758 2211 iuvencae.

99 2254 200 2316 frigora
213 2268 260 2302 nec
273 2256 373 2302 tantum
387 2269 452 2301 cana
465 2259 585 2302 concreta
598 2252 690 2314 pruina

100 2350 147 2391 aut
159 2342 246 2404 gravis
259 2341 410 2390 incumbens
423 2342 537 2404 scopulis
551 2340 681 2388 arentibus
696 2348 778 2388 aestas

100 2438 229 2494 quantum
242 2431 281 2479 illi
293 2445 404 2479 nocuere
417 2445 507 2492 greges
521 2429 631 2492 durique
643 2443 770 2477 venenum

100 2521 185 2569 dentis
200 2528 225 2568 et
238 2520 358 2567 admorso
372 2520 473 2581 signata
486 2519 513 2566 in
526 2519 605 2582 stirpe
619 2517 734 2566 cicatrix.

48 2615 79 2660 80
100 2624 155 2658 non
169 2609 248 2658 aliam
261 2609 294 2655 ob
308 2609 412 2670 culpam
424 2608 528 2656 Baccho
542 2622 619 2670 caper
632 2605 753 2654 omnibus
764 2605 821 2652 uris
