1808 2956
308 188 455 227 auuuruos
474 189 561 226 ernau
575 190 605 227 u.
795 181 854 227 189

127 358 205 392 ausus
218 343 281 405 quin
295 344 371 391 etiam
385 359 459 392 voces
472 344 568 392 iactare
582 359 627 407 per
640 345 755 392 umbram

127 433 223 495 inplevi
238 433 351 481 clamore
363 432 418 480 vias
431 440 593 495 maestusque
608 431 732 480 Creusam

53 528 106 574 ΠΟ
127 521 287 584 nequiquam
306 521 468 582 ingeminans
487 521 631 582 iterumque
650 521 794 582 iterumque
812 536 857 568 vo·

430 624 494 656 cau.

128 699 262 761 quaerenti
276 705 300 746 et
313 698 386 746 tectis
399 696 469 744 urbis
482 697 537 744 sine
551 697 601 744 fine
614 696 706 744 surenti

126 786 218 834 infelix
230 786 396 834 simulacrum
410 794 486 846 atque
498 785 579 847 ipsius
593 785 683 832 umbra
697 784 810 833 Creusae

127 875 182 922 risa
196 874 258 921 mihi
272 881 331 922 ante
344 875 434 922 oculos
448 883 473 921 et
485 881 548 920 uota
560 873 643 920 maior
656 873 751 935 imago.

128 963 241 1025 obstipui
253 969 428 1023 steteruntque
440 976 529 1009 comae
542 969 566 1008 et
577 976 627 1008 vox
638 961 754 1010 faucibus
761 961 853 1010 haesit.

56 1056 107 1101 775
127 1059 182 1099 tum
195 1052 232 1099 sic
245 1051 327 1098 adfari
341 1059 366 1098 et
379 1065 452 1097 curas
467 1050 506 1096 his
519 1050 621 1098 demere
634 1050 717 1098 dictis.

125 1131 198 1201 ‘quid
212 1146 312 1186 tantum
325 1139 417 1185 insano
430 1139 501 1185 iuvat
513 1139 649 1200 indulgere
662 1139 755 1197 dolori,

128 1243 144 1276 ο
158 1228 239 1276 dulcis
253 1226 385 1274 coniunx?
404 1240 457 1273 uon
470 1226 534 1274 haec
547 1227 602 1274 sine
615 1227 721 1275 numine
734 1227 819 1274 divom

128 1316 256 1373 eveniunt,
272 1330 319 1363 uec
332 1322 357 1363 te
370 1315 491 1363 comitem
503 1323 606 1376 portare
620 1314 744 1363 Creusam

129 1405 166 1452 saa
180 1412 224 1452 aut
236 1404 281 1452 ille
295 1402 356 1450 sinit
368 1403 454 1464 superi
467 1411 589 1464 regnator
602 1402 716 1466 Olympi.

58 1498 71 1543 7
76 1499 110 1542 80
130 1494 208 1554 longa
220 1492 266 1539 tibi
280 1491 367 1548 exilia,
383 1497 408 1538 et
418 1498 517 1538 vastum
529 1492 606 1539 maris
614 1506 711 1553 aequor
718 1492 854 1539 arandum.

128 1588 153 1629 et
165 1590 260 1628 terram
273 1579 425 1641 Hesperiam
438 1580 532 1638 venies,
549 1579 591 1626 ubi
605 1580 702 1641 Lydius
716 1594 776 1626 arva

128 1669 194 1717 inter
207 1669 295 1730 opima
307 1669 389 1714 virum
403 1668 454 1716 leni
467 1668 523 1715 fluit
535 1668 638 1729 agmine
651 1667 775 1729 Thybris:

128 1757 183 1804 illic
195 1771 234 1804 res
247 1757 330 1804 laetae
343 1770 502 1818 regnumque
515 1764 540 1803 et
553 1756 624 1816 regia
637 1757 751 1802 coniunx

128 1852 202 1907 parta
214 1844 277 1904 tibi;
297 1845 417 1893 lacrimas
432 1845 541 1892 dilectae
554 1844 621 1906 pelle
635 1842 757 1892 Creusae.

57 1938 107 1983 785
128 1947 181 1981 uon
194 1947 243 1995 ego
256 1933 449 1994 Myrmidonum
466 1932 539 1979 sedes
552 1931 716 1993 Dolopumve
733 1931 857 1994 superbas

128 2021 253 2083 aspiciam
267 2028 311 2069 aut
324 2019 399 2069 Grais
412 2020 533 2068 servitum
545 2019 669 2067 matribus
682 2019 735 2078 ibo,

127 2110 258 2158 Dardanis
272 2117 297 2157 et
310 2110 383 2157 divae
395 2108 503 2156 Veneris
517 2122 612 2166 uurus3

128 2199 172 2247 sed
186 2213 226 2246 me
238 2212 334 2259 magua
347 2199 423 2245 deum
435 2197 553 2258 genetrix
565 2196 605 2243 his
619 2196 715 2244 detinet
727 2197 787 2242 oris.

128 2287 231 2349 iamque
244 2287 300 2334 valc
314 2293 339 2333 et
350 2285 403 2332 nati
417 2300 489 2333 serva
502 2285 645 2333 communis
659 2275 792 2332 amorem.'

58 2378 108 2423 790
128 2375 193 2422 haec
205 2373 249 2420 ubi
264 2374 333 2422 dicta
345 2374 428 2432 dedit,
448 2374 626 2421 lacrimantem
640 2379 664 2420 et
676 2373 758 2420 multa
770 2373 856 2419 voleu-

424 2469 475 2509 tem

129 2551 214 2598 dicere
228 2549 340 2598 deseruit
352 2534 489 2614 tenuisque
502 2549 612 2599 recessit
620 2549 654 2597 in
666 2562 758 2596 auras*

123 2644 162 2682 ter
172 2644 281 2686 conatus
293 2639 330 2687 ibi
346 2641 419 2691 collo
435 2642 502 2693 dare
514 2639 653 2691 bracchia
666 2637 785 2687 circumi
