1808 2956
61 181 118 229 322
297 188 323 226 r.
340 186 462 226 venerut
483 184 615 225 unacum

127 344 316 406 Laurentisque
330 342 361 389 ab
376 356 407 390 ea
419 356 514 389 nomen
527 341 644 403 posuisse
659 342 772 389 colonis.

128 433 203 480 huius
217 447 278 495 apes
291 445 420 478 summum
433 431 528 478 densae
542 429 674 492 (mirabile
689 429 781 493 dictu),

76 525 108 569 65
129 521 237 568 stridore
250 520 348 582 ingenti
363 519 490 582 liquidum
503 526 574 565 trans
587 517 696 565 aethera
708 526 804 576 vectae,
854 540 859 555 ·

128 609 251 657 obsedere
264 608 364 671 apicem
378 605 524 670 etpedibus
537 620 584 669 per
596 614 689 654 mutua
702 606 777 655 nexis

129 711 236 744 examen
250 696 363 744 subitum
376 709 448 743 ramo
462 694 598 742 frondente
610 694 746 756 pependit.

129 786 252 833 continuo
265 792 334 832 vates
344 773 489 832 ‘externum
503 772 639 830 cernimus'
651 781 739 844 inquit

128 873 275 921 ‘adventare
287 872 369 919 virum
383 880 408 919 et
420 871 499 934 partis
512 877 599 933 petere
611 884 707 933 agmen
721 871 825 919 easdem

78 965 110 1010 to
129 961 244 1024 partibus
259 976 290 1009 ex
303 960 386 1007 isdem
399 966 425 1008 et
437 973 537 1006 summa
551 958 711 1007 dominarier
724 951 805 1008 arce’

129 1057 270 1112 praeterea,
287 1049 363 1096 castis
377 1049 464 1096 adolet
476 1047 538 1094 dum
551 1046 644 1094 altaria
657 1047 742 1096 taedis

130 1144 154 1184 ct
167 1137 239 1184 iuxta
252 1137 395 1197 genitorem
409 1136 493 1184 adstat
506 1134 614 1183 Lavinia
626 1134 711 1196 virgo,

130 1224 184 1270 visa
197 1223 292 1286 (nefas)
306 1224 391 1285 longis
406 1223 580 1286 conprendere
594 1221 709 1270 crinibus
722 1223 811 1286 ignem

131 1319 207 1373 atque
221 1325 324 1358 omnem
338 1319 458 1359 ornatum
470 1312 574 1358 flamina
592 1310 735 1373 crepitante
754 1309 853 1360 eremari

79 1403 110 1448 75
130 1399 277 1461 regalisque
290 1413 399 1447 accensa
412 1414 509 1458 comas,
525 1413 634 1446 accensa
647 1413 783 1460 coronam,

130 1487 256 1549 insignem
269 1487 387 1548 gemmis,
403 1494 458 1534 tum
470 1487 569 1535 fumida
582 1486 680 1535 lumine
693 1486 767 1537 fulvo

131 1575 224 1623 iuvolti
239 1590 269 1622 ac
283 1575 343 1622 totis
355 1559 503 1623 Volcanum
516 1589 636 1638 spargere
649 1576 733 1624 tectis.

130 1664 155 1711 id
169 1678 228 1711 vero
241 1663 398 1711 horrendum
411 1678 442 1711 ac
454 1663 509 1710 visu
522 1663 641 1711 mirabile
655 1663 716 1711 ferri
727 1681 734 1711 ε

129 1767 240 1814 namque
254 1751 308 1799 fore
321 1751 455 1799 inlustrem
468 1750 537 1799 fama
550 1751 660 1814 satisque
674 1753 805 1802 canebant

78 1843 111 1887 80
130 1840 222 1902 ipsam,
238 1840 282 1888 sed
296 1840 392 1901 populo
406 1853 529 1900 magnum
542 1839 694 1902 portendere
708 1840 817 1890 bellum.

131 1936 157 1975 at
169 1942 213 1975 rex
226 1927 352 1975 sollicitus
365 1927 486 1974 monstris
500 1928 607 1975 oracula
619 1927 711 1986 Fauni,

130 2014 228 2063 fatidici
242 2016 375 2077 genitoris,
391 2016 446 2063 adit-
459 2016 583 2078 lucosque
596 2015 642 2062 sub
657 2016 711 2065 alta

131 2104 241 2150 consulit
254 2103 383 2161 Albunea,
399 2117 533 2150 nemorum
547 2117 613 2164 quae
626 2103 743 2152 maxima
756 2120 830 2155 sacro

130 2192 200 2240 l'onte
214 2197 289 2238 sonat
301 2205 455 2252 saevamque
469 2191 574 2238 exhalat
587 2206 670 2253 opaca
683 2193 829 2256 mephitim.

79 2284 110 2327 85
131 2278 191 2327 hinc
204 2279 284 2327 Italae
297 2287 385 2340 gentes
400 2279 536 2341 omnisque
549 2279 675 2328 Oenotria
688 2281 767 2330 tellus

129 2367 156 2413 in
170 2367 254 2414 dubiis
268 2381 390 2429 responsa
403 2375 507 2429 petunt:
529 2367 579 2415 huc
593 2369 662 2415 dona
675 2371 800 2419 sacerdos

131 2470 189 2502 eum
202 2455 261 2503 tulit
274 2463 299 2502 et
312 2469 445 2503 caesarum
459 2456 545 2502 ovium
558 2456 604 2503 sub
617 2463 694 2504 nocte
707 2457 796 2507 silenti

130 2543 240 2604 pellibus
254 2542 369 2590 incubuit
383 2544 467 2591 stratis
481 2557 637 2606 somnosque
651 2545 751 2606 petivit,

117 2631 203 2680 multa
217 2633 305 2683 modis
319 2633 465 2684 simulacra
477 2633 549 2681 videt
560 2632 701 2680 volitantia
709 2633 785 2680 uinis
