1808 2956
256 180 404 222 Anumnos
422 182 509 222 mesu
525 182 578 222 xu.
757 173 815 222 503

91 353 151 387 ossa
164 344 275 398 tremor3
296 338 380 400 prima
392 345 452 388 ante
465 353 553 388 omnes
565 339 675 387 Iuturna
685 339 792 390 Latinos

91 427 175 475 audiit
188 427 362 490 adgnovitque
375 442 468 475 sonum
481 433 507 476 et
518 428 667 477 tremefacta
679 427 781 490 refugit.

46 521 72 564 to
92 516 137 564 ille
150 515 220 563 volat
234 531 378 579 campoque
391 523 474 564 atrum
487 517 555 579 rapit
568 531 660 578 agmen
674 523 772 579 aperto.

93 604 177 667 qualis
191 603 234 650 ubi
248 606 280 652 ad
295 612 374 653 terras
389 605 497 666 abrupto
511 604 594 653 sidere
607 605 709 653 nimbus

92 694 113 740 it
125 707 196 740 mare
209 708 254 755 per
267 693 396 751 medium3
417 687 525 752 miseris,
541 693 601 752 heu,
617 694 734 755 praescia
743 694 821 754 longe

93 782 245 829 horrescunt
258 783 338 830 corda
351 782 488 843 agricolis3
509 781 581 830 dabit
592 781 638 830 ille
651 782 738 830 ruinas

93 869 227 918 arboribus
240 877 403 932 stragemque
416 871 487 929 sutis,
504 877 560 918 ruet
573 870 660 918 omnia
674 870 740 918 late:

46 964 72 1007 55
94 965 154 1006 ante
167 960 255 1006 volant
267 959 431 1020 sonitumque
444 959 530 1006 ferunt
543 959 574 1006 ad
589 959 666 1006 litora
679 959 761 1006 venti:

93 1047 152 1096 talis
165 1049 192 1094 in
207 1048 326 1095 adversos
341 1047 432 1094 ductor
445 1047 585 1094 Rhoeteius
599 1046 679 1094 hostis

94 1151 186 1198 agmon
201 1137 262 1198 agit,
280 1137 351 1184 densi
366 1135 453 1184 cuneis
467 1150 493 1183 se
507 1136 616 1198 quisquo
630 1135 725 1182 coactis

93 1226 281 1286 adglomerant.
309 1225 368 1273 ferit
380 1239 440 1273 ense
457 1238 561 1285 gravem
574 1222 750 1286 Thymbraeus
765 1221 821 1271 Osi-

395 1313 452 1371 rim,

94 1403 244 1451 Archetium
251 1401 408 1461 Mnestheus,
424 1402 579 1465 Epulontem
594 1399 822 1449 obtruncatAcha-

395 1498 441 1548 tes,

46 1583 75 1625 50
95 1576 265 1638 Ufentemque
279 1576 363 1638 Gyas3
385 1578 454 1626 eadit
467 1579 521 1640 ipse
534 1579 687 1626 Tolumnius
701 1591 793 1638 augur,

96 1664 193 1726 primus
206 1664 234 1710 in
248 1665 366 1712 adversos
381 1665 460 1713 telum
474 1667 516 1728 qui
531 1674 639 1714 torserat
651 1665 741 1713 hostis.

96 1752 196 1801 tollitur
208 1751 235 1798 in
249 1753 349 1799 caelum
363 1753 461 1800 clamor
473 1755 589 1816 versique
605 1754 716 1802 vicissim

96 1841 275 1905 pulverulenta
288 1840 350 1900 fuga
362 1840 450 1887 Rutuli
464 1841 527 1889 dant
539 1851 611 1903 terga
625 1858 669 1904 per
682 1857 767 1903 agros.

95 1933 151 1994 ipse
165 1944 247 1992 neque
262 1942 364 1976 aversos
378 1927 498 1988 dignatur
511 1936 622 1978 sternere
634 1931 712 1978 Morti

46 2027 75 2070 65
96 2035 144 2069 nec
157 2020 222 2082 pede
235 2031 386 2079 congressos
400 2030 483 2078 aequo
497 2031 543 2064 nec
557 2017 608 2066 tela
621 2019 723 2066 ferentis

96 2109 256 2170 insequitur;
276 2107 361 2154 solum
375 2106 455 2152 densa
467 2105 493 2152 in
508 2105 618 2166 caligine
630 2107 746 2154 Turnum

96 2197 204 2258 vestigat
217 2198 337 2253 lustrans,
354 2196 437 2242 solnm
451 2194 476 2240 in
491 2193 632 2242 certamina
644 2195 735 2256 poscit.

97 2285 147 2334 hoc
160 2301 285 2334 concussa
298 2292 367 2332 metu
381 2288 492 2331 mentem
504 2282 612 2330 Iuturna
623 2282 712 2343 u'rago

97 2375 215 2435 aurigam
228 2374 308 2421 Turni
322 2373 408 2421 media
421 2372 486 2419 inter
499 2372 556 2419 lora
568 2370 705 2418 Metiscum

46 2467 78 2513 70
98 2463 195 2510 excutit
207 2469 232 2510 et
245 2462 322 2523 longe
336 2464 437 2523 lapsum
450 2468 552 2508 temone
565 2458 704 2520 relinquit3

98 2551 155 2613 ipsa
167 2551 236 2599 subit
248 2550 417 2612 manibusque
430 2550 552 2598 undantis
565 2549 644 2597 flectit
657 2547 787 2601 lichenas„

97 2647 189 2686 cuncta
199 2654 302 2702 gerens,
319 2655 466 2706 vocemque
476 2648 502 2691 et
509 2653 610 2704 coruus
617 2623 862 2686 crummenah-
