1808 2956
63 168 123 215 272
301 177 465 216 avenaria
486 176 617 216 nnrtours

130 333 238 382 Iliacam
252 335 283 381 ad
298 335 405 382 classem
418 341 558 396 ventosque
571 335 690 397 adspirat
702 338 786 396 eunti,

130 423 212 470 multa
224 438 328 471 movens
342 424 452 471 necdum
470 424 583 471 anticum
601 431 720 474 saturata
735 428 837 475 doloren

130 511 185 569 illa,
202 512 269 560 viam
283 513 398 560 celerans
411 527 457 574 per
469 513 540 560 mille
554 513 686 561 coloribus
700 530 802 572 arcum,

62 603 111 646 610
132 601 196 648 nulli
209 601 263 648 visa
276 601 326 648 cito
341 601 452 648 decurrit
465 601 565 648 tramite
579 601 660 662 virgo.

131 689 257 751 conspicit
269 690 400 750 ingentem
414 704 567 737 concursum
581 697 605 737 et
618 691 696 739 litora
710 692 807 742 lustrat

131 779 297 840 desertosque
310 779 379 826 videt
391 785 479 840 portus
493 779 653 840 classemque
666 780 796 828 relictam.

131 874 157 914 at
169 868 259 929 procul
273 867 298 914 in
312 867 369 914 sola
382 873 494 914 secretae
507 867 622 914 Troades
640 874 700 916 acta

131 956 254 1005 amissum
267 955 399 1004 Anchisen
419 956 514 1003 flebant
527 962 687 1019 cunctaeque
701 958 837 1018 profundat

60 1048 109 1091 615
130 1052 237 1107 pontum
251 1044 436 1107 adspectabant
448 1045 545 1091 flentes.
573 1044 624 1091 heu
638 1050 676 1091 tot
688 1046 758 1094 vada
771 1047 837 1095 fessis

130 1141 155 1181 et
167 1141 266 1181 tantum
279 1148 411 1195 superesse
425 1134 511 1191 maris,
527 1148 577 1180 vox
591 1133 711 1180 omnibus
724 1149 795 1195 una3

130 1222 219 1269 urbem
232 1229 315 1280 orant,
331 1223 417 1271 taedet
430 1223 514 1284 pelagi
529 1222 640 1284 perferre
654 1220 783 1270 laborem.

131 1325 191 1371 ergo
205 1311 271 1358 inter
284 1312 382 1359 medias
396 1326 450 1359 sese
464 1311 533 1359 haud
546 1311 639 1371 ignara
651 1311 766 1358 nocendi

130 1400 226 1448 conicit
238 1407 263 1448 et
275 1399 418 1462 faciemque
433 1400 494 1448 deuo
508 1407 654 1460 vestemque
667 1400 781 1461 reponit,

61 1491 110 1534 620
130 1488 158 1535 fit
168 1488 260 1548 Beroe,
276 1490 374 1537 Tmarii
388 1489 501 1537 coniunx
515 1489 641 1549 longaeva
653 1487 774 1550 Dorycli,

131 1577 171 1624 cui
184 1592 265 1638 genus
280 1585 305 1625 et
318 1579 449 1640 quondam
464 1592 558 1624 nornen
571 1577 677 1638 natique
690 1576 810 1637 fuissent,

130 1682 161 1714 ac
174 1667 211 1714 sic
222 1666 403 1714 Dardanidum
417 1667 528 1714 mediam
542 1680 569 1713 se
582 1665 707 1712 matribus
721 1665 809 1714 infert.

127 1743 153 1800 ‘0
167 1756 284 1814 miserae,
300 1771 364 1817 quas
378 1747 538 1803 nonmanus'
551 1755 636 1816 inquit
647 1754 776 1804 ‘Achaica
789 1756 837 1804 bell

130 1845 236 1892 traxerit
249 1845 281 1892 ad
295 1845 374 1891 letum
388 1844 487 1905 patriae
500 1844 546 1890 sub
560 1843 712 1890 moenibus!
734 1858 749 1891 o
763 1859 829 1906 gens

60 1935 109 1978 625
129 1932 233 1991 infelix,
255 1933 295 1981 cui
309 1939 333 1980 tc
347 1933 426 1980 exitio
439 1933 554 1980 Fortuna
567 1932 696 1980 reservat?

129 2022 238 2084 septima
250 2030 310 2084 post
321 2022 415 2070 Troiae
429 2022 558 2070 excidium
571 2022 623 2068 iarn
636 2021 742 2068 vertitur
755 2030 837 2071 aestas

129 2125 187 2158 cum
200 2111 273 2170 freta,
289 2127 348 2158 cum
361 2119 440 2159 terras
454 2111 546 2168 omnis,
562 2117 600 2156 tot
612 2110 745 2172 inhospita
757 2126 824 2161 saxa

129 2199 264 2262 sideraque
283 2214 402 2248 emensae
422 2200 541 2257 ferimur,
564 2199 624 2245 dum
643 2213 688 2260 per
700 2213 773 2247 mare
786 2215 837 2261 mar

430 2303 492 2334 num

129 2376 233 2425 Italiam
245 2377 377 2439 sequimur
389 2376 531 2438 fugientem
544 2383 570 2424 et
582 2376 708 2423 volvimur
721 2377 808 2424 undis.

61 2469 111 2514 630
130 2466 173 2514 hic
185 2465 273 2527 Erycis
286 2467 349 2514 fines
363 2465 468 2513 fraterni
482 2473 559 2527 atque
572 2465 664 2526 hospes
678 2464 802 2513 Acestes:

130 2555 192 2616 quid
203 2554 324 2617 prohibet
336 2567 423 2601 muros
435 2553 520 2601 iacere
533 2561 558 2602 et
570 2554 631 2601 dare
644 2552 741 2600 civibus
749 2553 837 2603 urbem

116 2658 133 2692 ο
140 2645 232 2708 patria
247 2652 276 2696 et
288 2646 359 2712 rapti
373 2643 542 2710 nequiquam
552 2657 588 2692 ex
595 2641 676 2688 lioste
687 2646 811 2700 penates,
