1808 2956
405 118 430 157 Ρ.
448 118 569 158 VERGILI
589 118 719 159 MARONIS

439 385 592 440 ECLOGA
607 388 683 440 VIII.

360 544 478 582 DAMON.
525 544 761 584 ALPHESIBOEUS.

234 719 369 767 Pastorum
382 734 482 767 musam
494 719 621 767 Damonis
635 727 660 767 et
673 720 851 782 AlphesiboeI,

233 808 359 855 inmemor
372 807 509 855 herbarum
522 823 587 869 quos
601 816 638 856 est
650 810 743 856 mirata
755 810 864 857 iuvenca

234 897 364 953 certantis,
380 910 490 957 quorum
502 896 660 957 stupefactae
673 898 786 944 carmine
800 899 896 959 lynces,

234 992 259 1032 et
271 990 370 1031 mutata
381 998 441 1031 suos
455 983 604 1045 requierunt
616 985 724 1033 flumina
736 1001 834 1045 cursus,

201 1077 215 1119 5
234 1072 361 1120 Damonis
375 1087 475 1120 musam
489 1072 602 1120 dicemus
617 1082 641 1122 et
653 1075 831 1136 Alphesiboei.

235 1168 262 1208 tu
275 1161 347 1219 mihi,
363 1176 408 1209 seu
421 1161 507 1223 magni
521 1176 626 1224 superas
639 1163 692 1210 iam
705 1179 768 1211 saxa
780 1164 880 1211 Timavi

234 1250 286 1298 sive
298 1265 370 1297 oram
377 1251 473 1312 Illyrici
486 1251 549 1313 legis
562 1252 690 1314 aequoris,
699 1279 733 1286 —
741 1266 772 1300 en
780 1253 897 1316 oritumq

234 1338 278 1387 ille
292 1339 355 1398 dies,
371 1340 434 1388 mihi
447 1355 506 1388 cum
519 1340 596 1388 liceat
608 1346 653 1387 tua
666 1340 750 1388 dicere
763 1340 848 1389 facta?

234 1442 266 1475 en
280 1428 327 1476 erit
339 1436 368 1475 ut
380 1429 456 1477 liceat
468 1435 551 1476 totum
563 1429 627 1476 mihi
641 1429 706 1476 serre
719 1443 764 1490 per
777 1430 865 1477 orbem

184 1521 214 1563 10
234 1517 290 1564 sola
302 1516 450 1580 Sophocleo
463 1523 508 1565 tua
521 1517 636 1566 carmina
649 1518 728 1578 dignu
741 1517 886 1565 cothurno?

234 1621 249 1652 a
262 1612 286 1654 te
299 1607 462 1670 principium,
478 1605 523 1654 tibi
537 1606 644 1654 desinet.
673 1606 761 1668 accipe
774 1605 849 1653 iussis

237 1696 351 1742 camnine
376 1702 468 1758 coepta
492 1693 543 1741 tuis
568 1700 645 1756 atque
673 1694 740 1741 hanc
765 1695 820 1741 sine
844 1702 904 1752 tem

533 1781 630 1828 circum

233 1872 300 1919 inter
312 1872 427 1919 victrices
441 1869 564 1917 hederam
576 1867 622 1914 tibi
636 1882 737 1928 serpere
754 1867 849 1913 laurus.

267 1959 373 2020 Frigida
385 1958 428 2005 vix
441 1956 514 2004 caelo
528 1955 610 2002 noctis
624 1955 768 2002 decesserat
780 1954 879 2015 umbra,

184 2053 214 2096 15
234 2062 294 2096 cum
306 2060 349 2094 ros
361 2046 389 2092 in
402 2052 491 2092 tenera
503 2042 589 2106 pecori
602 2042 762 2105 gratissimus
775 2043 864 2104 herbo,

231 2133 382 2182 incumbens
396 2132 467 2181 tereti
480 2133 584 2180 Damon
598 2133 635 2181 sic
648 2133 733 2195 eoepit
746 2134 837 2182 olivae.

264 2211 400 2281 ‘Nascere‚
422 2237 534 2284 praeque
552 2223 620 2270 diem
636 2222 740 2271 veniens
761 2238 823 2285 age,
845 2224 899 2274 Luc

533 2311 639 2370 almum,

232 2399 349 2461 coniugis
362 2399 470 2461 indigno
483 2399 560 2448 Nisae
574 2401 694 2463 deceptus
711 2417 799 2450 amore

232 2488 294 2536 dum
307 2502 401 2551 queror
414 2495 439 2536 et
451 2489 532 2549 divos,
548 2505 707 2553 quamquam
719 2490 755 2538 nil
770 2489 875 2538 testibus
889 2491 896 2538 i

179 2581 212 2625 20
231 2577 337 2641 profeci,
353 2584 467 2627 extrema
479 2578 592 2627 moriens
606 2586 691 2627 tamen
711 2579 839 2642 adloquor
852 2579 900 2626 hor
