1808 2956
32 179 90 230 138
269 189 294 230 r.
311 189 432 230 vnnmm
453 191 583 231 uaaoms

99 348 150 396 sive
164 356 278 397 extrema
291 349 344 411 pati
358 362 404 397 nec
417 348 469 397 iam
483 349 604 398 exaudire
616 359 730 398 vocatos.

29 442 80 485 220
99 438 237 500 praecipue
250 437 307 500 pius
321 439 423 485 Aeneas
437 451 505 485 nuuc
518 438 583 486 acris
598 438 699 498 Oronti,
776 491 779 496 ,

99 515 168 575 nunc
180 527 273 589 Amyci
286 541 375 574 casum
388 526 468 587 gemit
480 533 505 574 ot
518 527 632 574 crudelia
645 543 733 576 secum

100 615 153 664 fata
165 615 228 678 Lyci
248 615 391 676 fortemque
405 613 479 676 Gyan
499 614 643 677 fortemque
657 615 824 665 Cloanthum.

134 705 231 753 Etiam
245 704 302 751 linis
316 710 378 762 erat,
394 718 453 751 cum
465 703 580 766 Iuppiter
594 706 696 753 aethere
709 721 809 753 summo

100 793 237 857 dispiciens
251 809 321 842 mare
334 793 470 841 velivolum
484 800 615 855 terrasque
627 794 741 842 iacentes

30 887 79 930 225
99 883 227 946 litoraque
241 891 266 930 et
278 883 345 930 latos
359 881 468 944 populos
481 881 518 929 sic
531 883 625 930 vertice
638 883 703 930 caeli

100 972 213 1019 constitit
226 979 251 1019 et
263 971 360 1032 Libyae
374 970 462 1018 defixit
475 970 574 1018 lumina
587 971 682 1033 regaie.

100 1067 177 1122 atque
190 1060 264 1107 illum
278 1060 341 1107 tales
354 1059 493 1107 iactantem
506 1065 608 1121 pectore
622 1074 696 1106 curas

99 1149 196 1196 tristior
209 1155 234 1196 et
246 1148 358 1195 lacrimis
373 1149 461 1196 oculos
475 1147 573 1195 suffusa
584 1148 689 1196 nitentis

101 1237 250 1298 adloquitur
263 1235 360 1283 Venus.
385 1226 412 1283 ‘o
431 1237 474 1298 qui
488 1251 527 1284 res
541 1237 727 1298 hominumque
741 1238 829 1285 deum-

402 1340 451 1387 que
498 1380 501 1384 .

30 1418 80 1460 230
101 1413 210 1460 aeternis
224 1413 290 1474 regis
305 1413 418 1475 imperiis
432 1421 457 1461 et
469 1414 577 1462 fulmine
591 1422 678 1472 terres,

100 1501 162 1563 quid
175 1516 247 1548 meus
259 1501 362 1549 Aeneas
376 1501 402 1548 in
415 1509 439 1549 te
453 1503 612 1550 committere
625 1509 732 1562 tantum,

100 1591 162 1652 quid
176 1590 256 1638 Troes
270 1597 385 1652 potuere,
401 1590 493 1652 quibus
507 1597 545 1639 tot
557 1590 648 1639 funera
661 1592 742 1654 passis

100 1685 206 1727 cunctus
220 1679 252 1726 ob
266 1678 370 1726 Italiam
383 1686 508 1727 terrarum
522 1680 651 1727 clauditur
664 1680 751 1728 orbis?

100 1775 167 1816 carte
181 1768 241 1816 hinc
254 1769 386 1816 Romanos
401 1769 463 1817 olim
477 1768 636 1816 volventibus
650 1770 733 1827 annis,

29 1861 79 1903 235
100 1856 160 1904 hinc
173 1857 227 1906 lore
242 1859 369 1916 ductores,
385 1864 504 1905 revocato
518 1872 533 1904 a
546 1858 672 1918 sanguine
687 1859 790 1918 Teucri,

101 1945 144 2007 qui
158 1961 236 2004 mare,
253 1946 296 2007 qui
311 1953 390 1994 terras
404 1946 474 1993 omni
489 1946 590 1994 dicione
603 1954 727 2006 tenorent,

99 2034 240 2095 pollicitus
257 2042 369 2095 queste,
385 2035 494 2095 genitor,
511 2035 638 2082 sententia
651 2036 741 2084 vertit?

99 2122 150 2170 hoc
163 2122 283 2184 equidem
296 2136 415 2170 occasum
428 2122 522 2170 Troiae
535 2123 665 2185 tristisque
680 2125 766 2172 ruinas

100 2210 212 2269 solabar,
228 2210 286 2256 fatis
301 2212 429 2258 contraria
442 2211 495 2258 fata
507 2211 667 2273 rependens:

30 2304 80 2346 240
101 2314 169 2347 nnnc
183 2300 273 2347 eadem
285 2299 389 2346 fortuna
401 2299 469 2348 viros
482 2307 520 2348 tot
533 2300 634 2348 casibus
651 2308 722 2349 actos

99 2388 251 2450 insequitur.
273 2402 349 2449 quem
361 2389 406 2436 das
419 2389 505 2447 finem,
521 2404 566 2437 rex
575 2403 678 2450 magne,
695 2391 830 2439 laborum?

99 2478 217 2525 Antenor
230 2477 314 2538 potuit
326 2477 416 2524 mediis
430 2478 533 2540 elapsus
546 2479 652 2526 Achivis

99 2564 218 2626 Illyricos
230 2571 364 2626 penetrare
377 2566 448 2613 sinus
462 2575 539 2629 atque
552 2566 644 2615 intima
657 2574 725 2615 tutus

82 2664 166 2710 regna
179 2652 365 2705 Liburnorum
378 2663 404 2706 et
418 2656 521 2706 sontem
533 2670 658 2720 superare
666 2656 783 2712 Timavi,
