1808 2956
246 305 394 346 nauumos
417 307 505 346 ornan
521 309 564 347 xi.
740 299 804 346 473

26 469 52 511 to
74 462 155 509 Troos
169 469 264 523 agunt:
286 463 405 524 princeps
419 470 515 510 turmas
528 464 628 512 inducit
640 465 736 512 Asilas.

74 551 177 612 iamque
191 551 402 612 propinquabant
414 553 504 613 portis,
519 567 658 614 rursusque
670 553 757 601 Latini

74 640 214 687 clamorem
228 639 324 686 tollunt
337 648 362 687 et
374 640 465 688 mollia
478 641 546 688 colla
559 641 708 700 reflectunt3

74 727 100 775 hi
114 727 218 788 fugiunt
230 727 384 789 penitusque
399 728 465 775 dotis
478 729 623 777 referuntur
635 729 752 788 habenis,

74 815 158 878 qualis
171 815 216 862 ubi
230 816 329 863 alterno
342 830 494 878 procurrens
507 816 608 877 gurgite
622 825 716 879 pontus

26 911 52 953 25
74 919 143 952 nuno
156 904 207 950 ruit
220 904 252 950 ad
267 911 361 952 terram
374 905 546 966 scopulosque
559 905 698 966 superiacit
710 905 781 953 unda

74 1007 195 1054 spumeus
209 999 401 1054 extremamque
414 993 472 1039 sinu
486 993 617 1055 pertundit
632 993 764 1051 harenam,

74 1095 143 1129 nunc
155 1081 260 1143 rapidus
278 1089 346 1128 retro
364 1088 440 1143 atquc
454 1088 525 1129 aestu
538 1082 656 1130 revoluta
667 1081 806 1130 resorbens

75 1184 139 1217 saxa
151 1169 217 1230 fugit
230 1169 342 1231 litusque
355 1170 421 1216 vado
435 1170 537 1218 labente
550 1171 681 1232 relinquit.

75 1257 114 1303 bis
127 1257 204 1304 Tusci
218 1257 327 1304 Rutulos
341 1272 417 1318 egere
431 1258 461 1305 ud
476 1259 580 1306 moenia
592 1273 688 1317 versos,

26 1350 55 1391 30
76 1343 115 1388 bis
128 1344 213 1391 reiecti
228 1346 305 1393 armis
319 1351 464 1406 respectant
476 1352 549 1406 terga
561 1352 685 1406 tegentes.

77 1429 152 1477 tertia
164 1431 208 1478 sed
221 1439 358 1494 postquam
373 1433 504 1492 congressi
518 1433 544 1480 in
558 1433 667 1494 proelia,
683 1432 750 1480 tot‘as

75 1518 217 1580 inplicuere
230 1520 297 1567 inter
309 1534 337 1567 se
350 1521 417 1567 acies
431 1521 545 1582 legitque
558 1521 640 1568 virum
654 1521 706 1567 vir:

75 1614 130 1654 tum
142 1621 202 1654 vero
217 1614 241 1654 et
253 1608 364 1668 gemitus
377 1608 533 1655 morientum
543 1616 568 1655 et
577 1610 703 1670 sanguine
713 1609 740 1654 in
751 1609 807 1656 alto

76 1708 199 1754 armaque
213 1708 374 1755 corporaque
388 1702 413 1742 et
425 1697 544 1756 permixti
559 1698 637 1744 coede
649 1698 762 1743 virorum

26 1788 55 1832 35
76 1781 240 1829 semianimes
257 1782 393 1828 volvontur
411 1783 486 1843 equi3
508 1797 596 1844 pugna
609 1798 700 1845 aspera
712 1785 805 1844 surgit.

77 1868 229 1918 Orsilochus
242 1868 353 1927 Remuli,
372 1870 477 1931 quando
490 1870 574 1931 ipsum
589 1871 710 1919 horrebat
722 1873 805 1930 adirc‚

76 1959 176 2006 hastam
195 1957 298 2004 intorsit
314 1971 381 2018 equo
395 1957 541 2019 ferrumque
555 1958 601 2005 sub
616 1973 676 2006 aure
689 1960 805 2021 reliquit.

76 2063 128 2110 quo
142 2047 245 2108 sonipes
258 2045 311 2093 ictu
324 2045 386 2092 furit
398 2046 493 2093 arduos
507 2047 610 2108 altaque
623 2048 703 2094 iactat

76 2136 187 2184 volneris
200 2135 328 2196 inpatiens
342 2141 441 2183 arrecto
455 2141 558 2196 pectore
572 2148 654 2181 crura.

26 2229 56 2272 40
76 2225 186 2270 volvitur
199 2224 244 2271 ille
258 2237 379 2270 excussus
391 2222 472 2269 humi.
502 2220 612 2269 Catillus
625 2223 709 2270 Iollan

76 2312 259 2374 ingentemque
273 2311 374 2370 animis,
389 2311 518 2371 ingentem
535 2325 641 2372 corpore
655 2321 680 2359 et
693 2312 781 2371 armis,

78 2400 155 2447 deicit
168 2400 338 2458 Herminium,
354 2400 424 2446 nudo
438 2400 478 2447 eui
492 2400 586 2447 vertice
599 2400 670 2447 fulva

78 2489 203 2556 caeseries
217 2489 332 2550 nudique
346 2488 443 2547 umeri3
464 2502 512 2536 nec
525 2489 630 2535 volnera
643 2495 754 2547 terrent;

77 2583 163 2623 tantus
176 2577 202 2623 in
217 2591 290 2624 arma
301 2583 380 2638 putet.
409 2576 476 2625 latos
489 2576 550 2624 huic
563 2575 638 2623 hasta
650 2591 696 2638 per
708 2591 794 2624 armos

26 2670 55 2713 45
77 2671 135 2712 acta
148 2666 234 2713 tremit
247 2666 414 2727 duplicatque
426 2664 507 2711 virum
522 2664 647 2711 transfixa
659 2665 764 2710 dolore.

76 2753 192 2800 funditur
203 2761 259 2802 ater
271 2753 369 2819 ubique
382 2769 472 2816 cruor,
489 2754 558 2803 <lant
568 2753 672 2800 lunens.
680 2749 759 2794 terro
