1808 2956
55 187 116 232 454
294 194 320 232 Ρ.
337 191 458 230 VERGILI
480 190 613 230 MARONIS

124 350 193 397 vixet
205 350 246 398 cui
260 350 338 397 vitam
352 349 413 396 deus
427 355 471 394 aut
484 362 532 394 sun
546 347 638 395 dextra
652 348 776 396 dedisset.

126 453 193 485 nunc
208 439 241 485 ite
254 447 280 485 et
292 437 390 484 miseris
404 435 542 498 supponite
557 435 655 482 civibus
670 428 780 497 ignem.³

58 532 107 574 1ἳο
127 527 226 574 dixerat
238 526 350 574 Aeneas.
377 525 416 572 illi
431 523 579 585 obstipuere
592 524 702 573 silentes

127 615 294 676 conversique
308 613 397 661 oculos
410 613 477 659 inter
489 626 517 660 se
531 620 609 675 atque
623 627 671 660 ora
685 613 817 662 tenebant.

126 710 181 749 tum
194 703 280 749 senior
293 715 444 763 semperque
458 700 524 747 odiis
539 709 564 749 et
576 701 687 749 crimine
700 702 818 751 Drances

127 790 241 838 infensus
254 790 338 837 iuveni
352 789 442 836 Turno
455 789 492 836 sic
506 802 551 836 ore
564 789 678 836 vicissim

128 893 187 925 orsa
200 878 284 925 refert.
309 868 336 925 ‘o
349 878 419 925 sama
432 877 533 938 ingens,
549 877 683 938 ingentior
697 881 779 928 armis

61 972 107 1014 125
128 967 165 1013 vir
177 966 299 1023 Troiane,
316 966 409 1028 quibus
423 966 494 1013 caelo
509 972 534 1013 te
546 965 669 1014 laudibus
679 963 815 1031 ¹nequem?

129 1054 274 1102 iustitiaene
288 1055 357 1117 prius
371 1056 448 1102 mirer
461 1053 557 1101 belline
571 1053 713 1103 laborum?

129 1157 176 1190 uos
189 1157 248 1189 vero
263 1142 327 1190 haee
339 1142 448 1204 petriam
462 1141 528 1202 grati
543 1142 685 1189 referemus
700 1146 736 1192 ad
751 1146 835 1195 urbem

129 1238 154 1278 et
167 1240 199 1287 te,
215 1230 289 1292 siqua
303 1231 370 1278 viam
384 1230 482 1278 dederit
494 1229 607 1288 fortuna,
622 1230 724 1281 Latino

129 1319 265 1378 iungemus
279 1319 343 1379 regi.
372 1325 479 1380 quaerat
491 1318 540 1365 sibi
554 1319 660 1367 foedera
675 1320 795 1371 Turnus.

62 1413 111 1455 130
131 1406 193 1468 quin
207 1414 232 1454 et
244 1406 329 1453 fatalis
343 1422 476 1454 murorum
489 1408 609 1455 attollere
622 1409 707 1456 moles

131 1510 245 1557 saxaque
259 1495 408 1543 subvectare
422 1495 515 1543 umeris
529 1495 645 1542 Troiana
659 1493 783 1548 iurabit.²

132 1585 232 1632 dixerat
245 1584 317 1641 haee,
332 1597 437 1644 unoque
451 1598 539 1630 omnes
554 1584 644 1631 eadem
656 1599 702 1632 ore
710 1587 852 1638 fremebant

132 1674 259 1721 bissenos
273 1672 395 1735 pepigere
409 1671 462 1719 dies
476 1679 501 1719 et
513 1687 577 1733 pace
590 1680 728 1732 sequestra

132 1777 176 1824 per
188 1763 264 1810 silves
278 1761 370 1809 Teucri
385 1761 510 1822 mixtique
523 1760 619 1821 inpune
632 1759 723 1810 Latini

64 1856 112 1898 135
133 1865 247 1899 erravere
261 1850 337 1911 iugis.
366 1849 433 1896 ferro
446 1855 521 1896 sonat
534 1849 588 1897 alta
601 1848 708 1910 bipenni

134 1939 258 1996 fraxinus,
274 1945 391 1986 evertunt
402 1944 473 1986 oetas
487 1938 519 1985 ad
533 1938 619 1985 sidero
632 1937 719 1998 pinos,

133 2028 227 2075 robore
240 2042 288 2075 nec
301 2027 387 2075 cuneis
401 2034 426 2074 et
439 2026 551 2073 olentem
564 2026 682 2073 scindere
696 2030 811 2079 cedrum

134 2131 181 2165 nee
194 2116 315 2180 plaustris
329 2122 430 2163 cessant
442 2123 543 2163 vectare
556 2114 719 2175 gementibus
735 2132 828 2167 ornos.

170 2206 202 2253 Et
214 2206 266 2254 iam
280 2205 360 2252 Fame
372 2205 471 2262 volens,
487 2203 551 2250 tenti
566 2204 720 2265 praenuntio
737 2206 837 2265 luctus,

66 2302 115 2345 140
135 2294 286 2343 Euandrum
298 2293 465 2355 Euandrique
479 2293 569 2340 domos
583 2300 608 2338 et
620 2293 726 2339 moenia
740 2298 838 2359 replet,

136 2399 203 2447 quae
216 2384 293 2431 modo
307 2383 429 2430 rictorem
442 2381 519 2428 Latio
532 2380 653 2428 Pallanta
666 2378 778 2431 serebat.

136 2473 251 2523 Arcades
265 2473 297 2519 nd
309 2477 399 2534 portas
412 2485 494 2528 ruere,
511 2477 535 2517 et
549 2469 580 2516 de
593 2483 664 2514 more
678 2477 784 2519 vetusto

136 2563 254 2611 funereas
268 2575 374 2623 rapuere
387 2560 473 2616 saees3
494 2558 561 2605 lucet
574 2555 614 2603 vin
628 2556 708 2616 longo

128 2656 225 2708 ordine
238 2654 410 2706 flammarum
421 2658 448 2698 et
458 2647 514 2694 inte
526 2641 689 2690 disemrn'mut
698 2656 791 2698 uaros.
