1808 2956
70 189 129 236 342
310 198 335 235 Ρ.
353 195 473 234 VERGILI
490 194 621 233 Manours

140 361 229 402 contra
242 353 295 402 sata
308 354 393 410 deum,
409 366 527 415 pcrrerso
540 351 647 400 numine
659 360 784 413 poscunt.

70 446 120 490 585
140 442 256 491 certatim
270 441 336 503 regis
351 441 517 489 circumstant
529 447 597 488 tecta
610 438 714 488 Latini:

140 531 184 578 illc
196 531 266 578 velut
277 530 363 593 pelagi
378 543 454 591 mpes
467 529 566 576 inmota
578 528 683 587 resistit,

140 627 168 666 ut
180 619 266 681 pelagi
279 632 356 680 rupes
370 631 466 678 magno
479 617 596 664 veniente
610 616 724 678 fragore,

139 722 206 770 quae
218 721 282 764 sese,
298 705 384 753 multis
399 705 495 753 circum
508 704 661 753 latrantibus
674 706 764 764 undis,

140 797 209 844 mols
222 802 305 853 tenct3
324 793 424 855 scopuli
437 793 595 855 nequiquam
612 802 638 841 et
650 809 761 857 spumea
775 795 862 844 circum

70 889 121 932 590
141 899 205 933 saxa
217 883 329 931 fremunt
341 881 467 943 laterique
480 880 557 930 inlisa
569 881 716 930 refunditur
728 884 801 945 alga.

140 987 226 1021 verum
246 972 290 1019 ubi
303 971 376 1019 nulla
395 970 470 1018 datur
483 985 588 1019 caecum
601 985 744 1033 exuperare
756 979 862 1035 potestas

140 1061 278 1110 consilium
291 1067 316 1107 et
327 1073 419 1106 saevae
432 1065 495 1105 nutu
508 1058 615 1106 Iunonis
628 1065 690 1106 eunt
702 1074 754 1119 res,

140 1151 221 1198 multa
235 1149 296 1196 deos
309 1161 436 1208 aurasque
449 1154 522 1208 pater
534 1153 640 1194 testatus
653 1147 740 1196 inanis

135 1228 291 1299 ‘frangimur
304 1236 355 1284 heu
368 1227 435 1284 fatis'
447 1235 532 1297 inquit
541 1225 711 1298 ‘terimurque
723 1239 847 1299 procella.

69 1332 118 1375 595
139 1325 188 1389 ipsi
202 1325 248 1374 has
261 1325 387 1385 sacrilego
400 1324 517 1386 pendetis
531 1323 657 1384 sauguine
669 1339 781 1386 poenas,

140 1431 155 1462 ο
168 1413 264 1461 miseri.
292 1421 325 1472 te,
341 1413 437 1470 Turne,
453 1411 534 1471 nefas,
550 1417 575 1459 tc
587 1411 659 1460 triste
670 1413 791 1463 manebit

139 1503 294 1565 supplicium
307 1502 423 1563 votisque
437 1501 498 1549 deos
512 1499 665 1549 venerabere
678 1502 752 1550 seris.

139 1607 200 1640 nam
213 1591 275 1639 mihi
289 1597 363 1654 parta
376 1589 457 1651 quies,
473 1588 609 1650 omnisque
621 1588 649 1635 in
660 1589 752 1640 limine
765 1600 865 1654 portusr

140 1681 228 1728 sunere
241 1680 310 1728 felici
323 1669 440 1740 spolior.’
465 1691 513 1725 nec
526 1678 602 1740 plura
613 1677 716 1727 locutus

69 1774 121 1818 600
140 1769 237 1831 saepsit
248 1783 275 1817 se
289 1768 361 1816 tectis
374 1780 512 1828 rerumque
524 1765 629 1826 reliquit
640 1765 767 1817 habenas.

175 1857 232 1905 Mos
258 1863 313 1904 erat
331 1854 455 1917 Hesperio
480 1855 508 1901 in
532 1853 622 1911 Latio,
650 1869 729 1916 quem
752 1858 868 1919 protinus

439 1942 515 1991 urbes

140 2033 259 2083 Albanae
272 2033 375 2081 coluere
388 2047 499 2090 sacrum,
515 2046 584 2081 nunc
596 2032 713 2080 maxima
724 2048 814 2084 rerum

140 2123 224 2170 Boura
240 2121 317 2179 colit,
340 2136 399 2169 curn
417 2121 501 2182 prima
519 2129 623 2170 movent
640 2122 668 2168 in
687 2123 793 2184 proclia
804 2125 869 2173 Mar·

441 2216 503 2268 tem,

141 2300 193 2348 sire
207 2298 278 2347 Getis
291 2299 385 2347 inferre
398 2312 477 2345 manu
490 2298 651 2346 lacrimabile
663 2298 764 2347 bellum

69 2390 121 2436 605
142 2387 299 2449 Hyrcanisve
311 2387 437 2435 Arabisve
455 2393 549 2449 parant
567 2402 612 2435 sen
625 2387 730 2436 tendere
745 2390 779 2437 ad
793 2390 870 2439 Indos

140 2476 321 2540 Auroramque
335 2476 408 2538 sequi
421 2475 584 2538 Parthosque
596 2490 733 2538 reposcere
746 2477 839 2541 signa:

136 2572 199 2614 sunt
208 2566 332 2629 geminae
344 2563 412 2613 Belli
425 2571 516 2627 portae
529 2563 578 2626 (sic
591 2564 697 2613 nomine
710 2565 827 2632 dicunt),

119 2656 259 2721 religione
272 2671 368 2708 sacrae
381 2664 409 2706 et
422 2653 496 2704 suem
508 2650 775 2707 lorrn'ru'ruetllart'rsq
