1808 2956
114 175 174 220 214
353 183 379 220 P.
397 181 518 220 vnnotnt
539 181 669 220 MARONIS

183 340 284 388 siderea
296 338 381 400 polus,
398 337 508 385 obscuro
522 337 566 385 sed
581 337 670 384 nubila
684 338 766 393 caelo,

184 436 209 476 et
221 429 311 476 lunam
323 427 351 473 in
365 426 452 473 nimbo
466 440 519 473 nox
531 426 685 487 intempesta
698 426 810 473 tenebat.

219 516 326 564 Postera
339 515 443 578 iamque
457 514 510 562 dies
525 515 608 576 primo
622 514 744 575 surgebat
757 514 812 560 Eoo

183 611 365 666 umentemque
377 605 481 651 Aurora
494 604 556 666 polo
570 603 712 651 dimoverat
725 602 852 652 umbram.

114 698 164 741 590
184 708 243 741 eum
255 692 340 740 subito
354 707 368 741 e
381 693 461 750 silvis,
477 693 560 740 macie
574 693 690 740 coniecta
703 706 832 753 suprema.

183 781 264 843 ignoti
278 795 346 828 nova
358 781 442 828 forma
454 781 501 828 viri
514 780 712 842 miserandaque
726 781 796 827 eultu

183 871 301 933 procedit
313 871 474 932 supplexque
487 883 579 916 manus
593 869 625 916 ad
640 869 716 916 litora
730 868 820 916 tendit.

184 959 344 1020 respicimus.
373 959 429 1006 dira
441 958 550 1005 inluvies
564 957 722 1019 inmissaque
736 957 824 1014 barba,

185 1055 332 1094 consertum
345 1054 466 1107 tegumen
480 1046 560 1108 spinis
571 1062 577 1104 3
598 1053 625 1093 at
638 1053 723 1093 cetera
736 1043 829 1092 Graius

114 1140 164 1182 595
185 1142 210 1183 et
223 1135 355 1196 quondam
368 1135 458 1197 patriis
472 1135 504 1181 ad
518 1134 624 1182 Troiam
637 1134 729 1181 missus
743 1135 768 1181 in
784 1135 870 1180 armis.

184 1223 257 1284 isque
271 1222 314 1269 ubi
327 1223 476 1271 Dardanios
489 1223 592 1270 habitus
607 1230 631 1270 et
644 1222 724 1269 Troia
737 1222 800 1269 vidit

185 1326 256 1358 arma
269 1312 369 1374 procul,
385 1312 502 1374 paullum
517 1319 621 1374 aspectu
636 1311 788 1359 conterritus
802 1311 885 1358 haesit

185 1399 364 1462 continuitque
376 1400 501 1461 gradum3
515 1415 577 1447 mox
590 1414 645 1448 sese
659 1400 691 1447 ad
705 1399 782 1447 litora
790 1414 900 1461 praecep

185 1503 243 1536 eum
256 1488 316 1535 fletu
330 1487 500 1551 precibusque
513 1489 581 1536 tulit.
606 1479 662 1551 ‘per
676 1489 762 1536 sidera
775 1495 863 1545 testor,

114 1583 164 1625 000
184 1591 230 1640 per
242 1591 349 1639 superos
363 1583 440 1639 atque
453 1578 503 1625 hoe
517 1577 581 1626 caeli
596 1576 718 1639 spirabile
732 1577 828 1632 lumen,

185 1667 268 1714 tollite
281 1680 335 1723 me,
357 1665 466 1725 Teucri;
487 1679 663 1728 quascumque
677 1665 797 1713 abducite
816 1671 897 1712 terras

183 1755 234 1802 hoe
247 1763 287 1802 sat
300 1754 356 1802 crit.
384 1754 438 1802 seio
452 1770 493 1802 me
505 1755 605 1802 Danais
619 1769 632 1802 e
646 1753 772 1802 elassibus
785 1767 866 1800 unum

185 1850 210 1891 et
222 1843 292 1891 bello
305 1842 400 1891 Iliacos
414 1843 497 1891 fateor
509 1843 600 1906 petiise
614 1850 729 1905 penates.

185 1945 231 1993 pro
245 1945 306 1993 quo,
322 1931 342 1978 si
356 1931 459 1979 sceleris
473 1938 545 1979 tanta
557 1938 595 1979 est
607 1931 702 1978 iniuria
715 1930 805 1986 nostri,

114 2024 164 2067 005
184 2018 297 2081 spargite
310 2033 351 2066 me
364 2019 391 2065 in
404 2019 495 2067 fluctus
508 2029 633 2082 vastoque
646 2018 781 2079 inmergite
795 2026 885 2079 ponto.

184 2107 204 2154 si
218 2121 304 2169 pereo,
321 2107 456 2155 hominum
468 2108 588 2155 manibus
602 2107 694 2170 periise
708 2098 826 2152 iuvabit?

185 2196 286 2243 dixerat
299 2203 324 2243 et
336 2210 422 2257 genua
435 2197 571 2259 amplexus
584 2195 745 2257 genibusque
758 2196 878 2241 volutans

185 2284 315 2332 haerebat.
345 2284 388 2347 qui
402 2285 436 2332 sit
447 2284 505 2343 fari,
521 2299 573 2347 quo
587 2284 714 2346 sanguine
728 2291 821 2341 cretus,

185 2373 327 2431 hortamur,
343 2387 409 2435 quae
423 2373 516 2421 deinde
529 2374 609 2434 agitet
621 2373 726 2420 fortuna
739 2372 823 2419 fateri.

115 2465 166 2510 oto
185 2461 240 2524 ipsc
248 2470 321 2524 pater
334 2462 451 2510 dextram
458 2461 595 2530 Anchises,
611 2462 680 2509 haud
694 2461 776 2508 multa
789 2467 903 2507 moratus

184 2549 230 2596 aiat
240 2549 326 2596 iuveni
341 2557 419 2612 atque
426 2550 541 2597 animum
554 2551 682 2612 praesenti
696 2550 806 2612 pignore
819 2549 903 2596 firmat

162 2633 213 2680 ille
223 2635 301 2694 hirec,
320 2639 447 2704 deposita
461 2641 571 2690 tandem
584 2638 738 2695 forminineq
751 2637 832 2683 tatur.
