1808 2956
261 167 430 210 ononolcon
447 169 533 209 Llssmr
549 170 588 209 ll'.
763 162 819 208 1‘23

78 362 81 367 -
95 327 194 390 Vesper
206 326 251 375 ubi
264 341 278 376 e
291 335 366 390 postu
378 327 471 375 vitulos
484 328 517 376 ad
531 335 599 376 tecte
611 329 710 376 reducit

44 418 77 462 lat
95 415 244 479 auditisque
256 415 332 478 lupos
345 424 442 464 aenont
454 416 582 465 balatibus
596 418 667 477 ugni,

96 505 209 553 considit
220 506 329 566 scopulo
343 505 442 553 medius
455 520 643 568 numerumque
656 515 779 555 recenset.

95 594 168 642 euius
181 592 301 642 Aristaeo
315 595 439 654 quoniam
452 603 490 643 est
503 595 591 642 oblata
604 595 722 643 facultas.

95 682 138 729 n‘x
150 682 251 731 delesse
264 697 351 731 senem
364 698 455 745 passus
469 697 615 744 conponere
628 683 740 730 membra

97 786 155 819 eum
168 772 282 820 elamore
296 772 346 819 ruit
358 786 454 832 magno
468 772 628 833 manicisque
641 771 766 819 iacentem

44 860 79 904 lto
96 866 215 922 occupat.
242 860 287 908 ille
300 874 361 908 suae
375 867 464 908 eontra
478 875 530 907 non
543 861 669 908 inmemor
682 861 743 907 artis

97 948 185 997 omnia
197 948 364 996 transformet
376 964 430 996 sese
443 950 471 996 in
485 950 610 997 miracula
624 964 717 1007 rerum,

96 1037 235 1099 ignemque
248 1037 450 1100 horribilemque
464 1038 544 1085 feram
555 1038 712 1099 fluviumque
724 1038 823 1100 liquem

398 1134 458 1174 tem.

98 1227 184 1260 verum
197 1214 240 1261 ubi
255 1214 328 1263 nulle
342 1216 429 1276 fugam
443 1217 536 1277 reperit
549 1216 662 1273 fallacie,
678 1217 758 1263 vietus

97 1301 124 1347 in
137 1315 193 1350 sese
206 1303 272 1349 redit
285 1310 362 1364 atque
376 1303 488 1350 hominis¹
501 1304 605 1351 tandem
619 1318 663 1352 ore
676 1305 777 1351 loeutus

44 1390 79 1434 l45
94 1379 166 1438 ‘narn
180 1391 237 1452 quis
251 1398 283 1449 te,
299 1391 420 1438 iuvenum
433 1392 659 1450 confidentissime,
676 1399 777 1440 nostras

58 1526 61 1531 ,
97 1478 169 1526 iussit
182 1478 254 1527 edire
267 1479 371 1538 domos,
393 1480 485 1542 quidve
498 1479 559 1528 hine
573 1472 662 1542 petisl'
680 1481 771 1542 inquit.
800 1490 826 1528 nt

398 1569 443 1617 ille

94 1645 168 1713 ‘seis‚
185 1655 292 1714 Proteu‚
313 1657 363 1704 seis
376 1657 443 1720 ipse:
466 1672 549 1719 neque
563 1666 600 1705 est
614 1665 637 1705 te
651 1657 740 1705 saliere
755 1657 825 1719 quic-

400 1761 493 1808 quemn

97 1832 142 1880 sed
157 1839 184 1879 tu
197 1833 286 1881 desine
299 1834 373 1882 velle.
402 1836 479 1882 deum
492 1843 629 1897 praecepta
643 1835 723 1883 secuti

97 1921 214 1968 venimus
227 1921 288 1969 hine
301 1923 380 1983 lapsis
394 1924 538 1985 quaesitum
552 1924 658 1972 oracula
671 1916 766 1971 rebus’

47 2012 79 2055 50
98 2015 198 2057 tentum
212 2010 311 2058 effatus.
340 2012 372 2059 ad
386 2011 449 2060 haec
462 2020 531 2059 vates
544 2013 567 2058 vi
582 2012 692 2074 denique
705 2013 786 2061 multe

97 2096 212 2145 ardentis
226 2099 315 2146 oeulos
328 2099 432 2148 intorsit
444 2101 542 2148 lumino
554 2101 648 2162 glauco

99 2193 123 2234 et
135 2187 247 2247 graviter
260 2186 380 2236 frendens
394 2190 430 2236 sie
443 2189 503 2236 fatis
516 2204 562 2238 ora
575 2190 687 2237 resoluit.

95 2263 159 2321 ‘non
173 2281 197 2322 te
210 2276 307 2324 nullius
322 2285 442 2326 exercent
454 2278 566 2325 numinis
578 2279 647 2326 irae:

99 2377 195 2424 magna
208 2366 257 2413 luis
271 2367 424 2425 commissa;
439 2366 485 2413 tibi
492 2367 538 2414 hus
547 2367 699 2414 miserabilis
708 2365 826 2430 Orpheus

47 2460 77 2502 55
99 2456 168 2504 haud
183 2470 314 2518 quaquam
327 2454 360 2501 ob
379 2455 498 2503 meritum
516 2470 627 2517 poenas,
649 2455 675 2502 ni
695 2455 749 2504 sata
766 2456 827 2503 resi·

399 2553 478 2607 stant,

91 2631 199 2679 suscitar
210 2639 234 2678 et
246 2641 322 2696 rapte
335 2637 456 2698 graviter
469 2657 523 2706 pro
537 2641 668 2704 coniuge
681 2634 782 2689 suerit·
