1808 2956
342 182 530 223 CATALECTA.

54 348 85 390 10
143 340 204 402 quid
219 341 250 388 de
263 348 287 389 te
300 340 397 402 possim
411 339 521 388 scribere
535 340 628 403 quidve
642 340 696 388 tibi.

107 443 219 491 namque
232 428 344 492 (fatebor
357 427 437 491 enim)
452 444 517 490 quae
530 429 644 476 maxima
657 429 800 477 deterrendi

143 517 239 575 debuit,
255 518 375 565 hortandi
389 517 503 564 maxima
517 532 595 564 causa
608 517 664 564 fuit.

107 619 191 667 pauca
204 610 248 651 tua
260 606 287 653 in
301 613 401 654 nostras
415 613 540 662 venerunt
552 605 667 653 carmina
681 606 791 664 chartas,

144 694 258 742 carmina
272 710 330 742 cum
344 694 441 755 lingua,
458 701 511 741 turn
524 694 579 741 sale
592 692 728 756 Cecropio,

58 789 87 831 15
108 783 224 830 carmina
237 798 303 845 quae
316 783 427 844 Pylium,
443 783 534 830 saeclis
548 785 653 844 accepta
667 781 767 841 futuris,

144 872 259 919 carmina
272 886 338 933 qnae
351 871 453 932 Pylium
466 871 566 919 vincere
580 871 660 931 digna
672 884 767 918 sonem.

107 960 220 1007 molliter
233 959 275 1007 hic
288 959 362 1006 viridi
376 961 480 1020 patulae
493 959 539 1007 sub
554 959 665 1020 tegmine
680 973 788 1019 quercus

142 1048 238 1095 Moeris
251 1055 367 1110 pastores
381 1054 406 1095 et
418 1047 561 1095 Meliboeus
574 1054 655 1106 erant,

108 1137 194 1183 dulcia
206 1136 330 1184 iactantes
344 1137 444 1183 alterno
458 1137 574 1183 carmina
585 1150 668 1194 versu,

55 1231 88 1273 20
144 1225 233 1286 qualia
245 1223 394 1272 Trinacriae
407 1224 497 1272 doctus
511 1231 581 1272 amat
592 1225 700 1273 iuvenis.

109 1314 225 1361 certatim
238 1312 366 1360 ornabant
378 1327 466 1361 omnes
480 1313 587 1361 heroida
601 1314 682 1373 divae,

144 1401 260 1448 certatim
274 1402 346 1449 divae
358 1416 464 1450 munere
478 1416 596 1464 quaeque
609 1417 664 1449 suo.

108 1489 209 1535 felicem
223 1495 281 1536 ante
295 1489 358 1536 alias
372 1496 444 1537 tanto
457 1491 581 1552 scriptore
594 1490 722 1552 puellaml

146 1576 226 1622 altera
239 1589 291 1621 non
304 1575 374 1623 fama
387 1577 480 1624 dixerit
493 1592 548 1625 esse
561 1579 639 1640 prior,

56 1671 88 1713 25
110 1677 162 1708 non
176 1662 231 1719 illa,
247 1661 416 1722 Hesperidum
428 1665 455 1710 ni
468 1680 573 1713 munere
587 1672 662 1727 capta
675 1666 771 1723 fuisset,

146 1765 212 1812 qnae
225 1749 354 1795 volucrem
367 1765 441 1797 cursu
454 1753 550 1800 vicerat
563 1753 749 1815 Hippomenen,
813 1775 815 1779 >

110 1839 221 1888 candida
234 1851 329 1898 cycneo
342 1851 395 1884 non
408 1839 478 1886 edita
489 1840 615 1901 Tyndaris
628 1856 686 1899 ovo,

145 1942 198 1973 non
211 1941 303 1989 supero
317 1926 417 1987 fulgens
432 1925 573 1990 Cassiopea
584 1930 656 1991 polo,

110 2031 162 2062 non
176 2015 281 2063 defensa
295 2015 338 2061 diu
351 2015 483 2062 volucrum
497 2017 635 2064 certamine
649 2032 782 2079 equorum,

57 2110 90 2152 30
146 2104 271 2166 optabant
284 2102 377 2151 Graiae
391 2118 469 2165 quarn
482 2103 530 2151 sibi
544 2119 661 2166 quaeque
674 2119 774 2164 manns,

110 2207 187 2255 saepe
200 2193 313 2240 animam
325 2192 412 2253 generi
427 2207 473 2254 pro
488 2207 538 2254 qua
551 2201 623 2254 pater
635 2193 728 2255 impius
739 2193 833 2253 hausit,

146 2297 222 2344 saepe
235 2280 312 2328 rubro
325 2280 395 2328 Eleis
408 2281 534 2342 sanguine
547 2281 621 2328 fluxit
633 2281 735 2341 humus,

110 2370 182 2429 regia
194 2383 246 2415 non
261 2367 369 2427 Semele,
385 2383 438 2415 non
450 2369 554 2417 Inachis
567 2371 711 2428 Acrisione,

145 2457 239 2504 inmitti
253 2464 373 2519 expertae
387 2457 493 2506 fulmine
506 2465 532 2506 et
543 2457 624 2506 imbre
637 2458 733 2517 Iovem,

56 2550 90 2594 35
111 2559 163 2590 non
177 2546 249 2592 cuius
263 2544 295 2591 ob
308 2553 411 2607 raptum
424 2547 491 2608 pulsi
506 2547 605 2610 liquere
616 2553 728 2608 penates

145 2633 277 2693 Tarquinii
288 2636 389 2696 patrios
403 2637 475 2686 filius
489 2644 573 2701 atque
586 2642 683 2700 pater,

83 2713 201 2766 Vergilius,
670 2712 722 2762 μ’
