<?xml version="1.0" encoding="UTF-8"?>
<!DOCTYPE html PUBLIC "-//W3C//DTD XHTML 1.0 Transitional//EN"
    "http://www.w3.org/TR/xhtml1/DTD/xhtml1-transitional.dtd">
<html xmlns="http://www.w3.org/1999/xhtml" xml:lang="en" lang="en">
 <head>
  <title>
</title>
<meta http-equiv="Content-Type" content="text/html;charset=utf-8" />
  <meta name='ocr-system' content='tesseract 3.04.00' />
  <meta name='ocr-capabilities' content='ocr_page ocr_carea ocr_par ocr_line ocrx_word'/>
</head>
<body>
  <div class='ocr_page' id='page_1' title='image "./pvergiliusmaro00virggoog/pvergiliusmaro00virggoog_0543.png"; bbox 0 0 1808 2956; ppageno 0'>
   <div class='ocr_carea' id='block_1_1' title="bbox 43 177 486 225">
    <p class='ocr_par' dir='ltr' id='par_1_1' title="bbox 43 177 486 225">
     <span class='ocr_line' id='line_1_1' title="bbox 43 177 486 225; baseline -0.007 0"><span class='ocrx_word' id='word_1_1' title='bbox 43 177 104 225; x_wconf 85' lang='grc'><strong>550</strong></span> <span class='ocrx_word' id='word_1_2' title='bbox 400 183 486 223; x_wconf 77' lang='lat' dir='ltr'><strong>crans,</strong></span> 
     </span>
    </p>
   </div>
   <div class='ocr_carea' id='block_1_2' title="bbox 59 340 756 410">
    <p class='ocr_par' dir='ltr' id='par_1_2' title="bbox 59 340 756 410">
     <span class='ocr_line' id='line_1_2' title="bbox 59 340 756 410; baseline 0 -21"><span class='ocrx_word' id='word_1_3' title='bbox 59 347 91 389; x_wconf 78' lang='lat'><strong>25</strong></span> <span class='ocrx_word' id='word_1_4' title='bbox 112 356 171 388; x_wconf 90' lang='lat' dir='ltr'><strong>cum</strong></span> <span class='ocrx_word' id='word_1_5' title='bbox 185 341 246 388; x_wconf 74' lang='lat' dir='ltr'><strong>levis</strong></span> <span class='ocrx_word' id='word_1_6' title='bbox 261 341 360 388; x_wconf 84' lang='lat' dir='ltr'><strong>alterno</strong></span> <span class='ocrx_word' id='word_1_7' title='bbox 375 340 499 403; x_wconf 72' lang='lat' dir='ltr'><strong>zephyrus</strong></span> <span class='ocrx_word' id='word_1_8' title='bbox 514 341 681 410; x_wconf 16' lang='lat' dir='ltr'><strong>concrebruiut</strong></span> <span class='ocrx_word' id='word_1_9' title='bbox 694 357 756 391; x_wconf 90' lang='lat' dir='ltr'><strong>euro</strong></span> 
     </span>
    </p>
   </div>
   <div class='ocr_carea' id='block_1_3' title="bbox 56 429 835 2707">
    <p class='ocr_par' dir='ltr' id='par_1_3' title="bbox 112 429 765 576">
     <span class='ocr_line' id='line_1_3' title="bbox 112 429 765 491; baseline 0.003 -15"><span class='ocrx_word' id='word_1_10' title='bbox 112 439 136 476; x_wconf 89' lang='lat' dir='ltr'><strong>et</strong></span> <span class='ocrx_word' id='word_1_11' title='bbox 150 444 231 491; x_wconf 89' lang='lat' dir='ltr'><strong>prono</strong></span> <span class='ocrx_word' id='word_1_12' title='bbox 244 429 380 489; x_wconf 78' lang='lat' dir='ltr'><strong>gravidum</strong></span> <span class='ocrx_word' id='word_1_13' title='bbox 393 429 509 491; x_wconf 82' lang='lat' dir='ltr'><strong>prorexit</strong></span> <span class='ocrx_word' id='word_1_14' title='bbox 523 429 638 490; x_wconf 88' lang='lat' dir='ltr'><strong>pondere</strong></span> <span class='ocrx_word' id='word_1_15' title='bbox 652 445 765 478; x_wconf 89' lang='lat' dir='ltr'><strong>currum.</strong></span> 
     </span>
     <span class='ocr_line' id='line_1_4' title="bbox 112 517 646 576; baseline 0.002 -12"><span class='ocrx_word' id='word_1_16' title='bbox 112 518 175 566; x_wconf 80' lang='lat' dir='ltr'><strong>felix</strong></span> <span class='ocrx_word' id='word_1_17' title='bbox 189 518 234 564; x_wconf 92' lang='lat' dir='ltr'><strong>illa</strong></span> <span class='ocrx_word' id='word_1_18' title='bbox 248 519 311 575; x_wconf 87' lang='lat' dir='ltr'><strong>dies,</strong></span> <span class='ocrx_word' id='word_1_19' title='bbox 331 518 393 565; x_wconf 86' lang='lat' dir='ltr'>felix</span> <span class='ocrx_word' id='word_1_20' title='bbox 406 526 431 565; x_wconf 88' lang='lat' dir='ltr'><strong>et</strong></span> <span class='ocrx_word' id='word_1_21' title='bbox 444 517 538 565; x_wconf 91' lang='lat' dir='ltr'><strong>dicitur</strong></span> <span class='ocrx_word' id='word_1_22' title='bbox 551 532 646 576; x_wconf 89' lang='lat' dir='ltr'><strong>annus,</strong></span> 
     </span>
    </p>

    <p class='ocr_par' dir='ltr' id='par_1_4' title="bbox 112 606 730 757">
     <span class='ocr_line' id='line_1_5' title="bbox 112 606 705 670; baseline 0 -17"><span class='ocrx_word' id='word_1_23' title='bbox 112 607 200 656; x_wconf 82' lang='lat' dir='ltr'><strong>felices</strong></span> <span class='ocrx_word' id='word_1_24' title='bbox 214 607 257 668; x_wconf 89' lang='lat' dir='ltr'><strong>qui</strong></span> <span class='ocrx_word' id='word_1_25' title='bbox 271 607 350 654; x_wconf 91' lang='lat' dir='ltr'><strong>talem</strong></span> <span class='ocrx_word' id='word_1_26' title='bbox 363 621 460 653; x_wconf 87' lang='lat' dir='ltr'><strong>annum</strong></span> <span class='ocrx_word' id='word_1_27' title='bbox 473 606 559 654; x_wconf 89' lang='lat' dir='ltr'><strong>vidore</strong></span> <span class='ocrx_word' id='word_1_28' title='bbox 573 607 705 670; x_wconf 79' lang='lat' dir='ltr'>diemque.</span> 
     </span>
     <span class='ocr_line' id='line_1_6' title="bbox 112 695 730 757; baseline 0.002 -14"><span class='ocrx_word' id='word_1_29' title='bbox 112 711 174 757; x_wconf 81' lang='lat' dir='ltr'><strong>ergo</strong></span> <span class='ocrx_word' id='word_1_30' title='bbox 188 695 322 742; x_wconf 74' lang='lat' dir='ltr'>Palladiae</span> <span class='ocrx_word' id='word_1_31' title='bbox 336 702 457 742; x_wconf 87' lang='lat' dir='ltr'><strong>texuntur</strong></span> <span class='ocrx_word' id='word_1_32' title='bbox 469 695 496 742; x_wconf 90' lang='lat' dir='ltr'><strong>in</strong></span> <span class='ocrx_word' id='word_1_33' title='bbox 510 695 602 742; x_wconf 88' lang='lat' dir='ltr'><strong>ordine</strong></span> <span class='ocrx_word' id='word_1_34' title='bbox 616 711 730 757; x_wconf 79' lang='lat' dir='ltr'>pugnae,</span> 
     </span>
    </p>

    <p class='ocr_par' dir='ltr' id='par_1_5' title="bbox 59 783 777 1201">
     <span class='ocr_line' id='line_1_7' title="bbox 59 783 712 846; baseline 0 -14"><span class='ocrx_word' id='word_1_35' title='bbox 59 790 92 832; x_wconf 88' lang='lat'><strong>30</strong></span> <span class='ocrx_word' id='word_1_36' title='bbox 112 799 208 845; x_wconf 84' lang='lat' dir='ltr'><strong>magna</strong></span> <span class='ocrx_word' id='word_1_37' title='bbox 219 783 347 845; x_wconf 79' lang='lat' dir='ltr'>giganteis</span> <span class='ocrx_word' id='word_1_38' title='bbox 361 790 485 831; x_wconf 89' lang='lat' dir='ltr'><strong>ornantur</strong></span> <span class='ocrx_word' id='word_1_39' title='bbox 498 784 575 846; x_wconf 88' lang='lat' dir='ltr'><strong>pepla</strong></span> <span class='ocrx_word' id='word_1_40' title='bbox 589 787 712 846; x_wconf 83' lang='lat' dir='ltr'><strong>tropacis,</strong></span> 
     </span>
     <span class='ocr_line' id='line_1_8' title="bbox 111 871 745 934; baseline 0.003 -14"><span class='ocrx_word' id='word_1_41' title='bbox 111 873 217 920; x_wconf 86' lang='lat' dir='ltr'><strong>horrida</strong></span> <span class='ocrx_word' id='word_1_42' title='bbox 230 872 373 932; x_wconf 84' lang='lat' dir='ltr'><strong>sanguineo</strong></span> <span class='ocrx_word' id='word_1_43' title='bbox 387 871 528 933; x_wconf 85' lang='lat' dir='ltr'><strong>pinguntur</strong></span> <span class='ocrx_word' id='word_1_44' title='bbox 541 873 641 934; x_wconf 89' lang='lat' dir='ltr'><strong>proelia</strong></span> <span class='ocrx_word' id='word_1_45' title='bbox 655 889 745 932; x_wconf 89' lang='lat' dir='ltr'><strong>cocco,</strong></span> 
     </span>
     <span class='ocr_line' id='line_1_9' title="bbox 112 959 700 1023; baseline 0.002 -16"><span class='ocrx_word' id='word_1_46' title='bbox 112 961 215 1008; x_wconf 77' lang='lat' dir='ltr'><strong>additur</strong></span> <span class='ocrx_word' id='word_1_47' title='bbox 227 968 317 1010; x_wconf 85' lang='lat' dir='ltr'><strong>aurata</strong></span> <span class='ocrx_word' id='word_1_48' title='bbox 331 959 443 1007; x_wconf 89' lang='lat' dir='ltr'><strong>deiectus</strong></span> <span class='ocrx_word' id='word_1_49' title='bbox 457 960 563 1022; x_wconf 84' lang='lat' dir='ltr'><strong>cuspide</strong></span> <span class='ocrx_word' id='word_1_50' title='bbox 576 960 700 1023; x_wconf 80' lang='lat' dir='ltr'><strong>Typhon,</strong></span> 
     </span>
     <span class='ocr_line' id='line_1_10' title="bbox 112 1047 763 1112; baseline 0.002 -16"><span class='ocrx_word' id='word_1_51' title='bbox 112 1050 156 1112; x_wconf 91' lang='lat' dir='ltr'><strong>qui</strong></span> <span class='ocrx_word' id='word_1_52' title='bbox 170 1050 248 1111; x_wconf 89' lang='lat' dir='ltr'><strong>prius,</strong></span> <span class='ocrx_word' id='word_1_53' title='bbox 265 1047 368 1096; x_wconf 76' lang='lat' dir='ltr'><strong>Ossaeis</strong></span> <span class='ocrx_word' id='word_1_54' title='bbox 383 1057 549 1096; x_wconf 90' lang='lat' dir='ltr'><strong>consternens</strong></span> <span class='ocrx_word' id='word_1_55' title='bbox 562 1049 670 1097; x_wconf 78' lang='lat' dir='ltr'><strong>aethera</strong></span> <span class='ocrx_word' id='word_1_56' title='bbox 683 1050 763 1108; x_wconf 84' lang='lat' dir='ltr'><strong>saxis,</strong></span> 
     </span>
     <span class='ocr_line' id='line_1_11' title="bbox 113 1136 777 1201; baseline 0 -17"><span class='ocrx_word' id='word_1_57' title='bbox 113 1137 232 1185; x_wconf 83' lang='lat' dir='ltr'><strong>Emathio</strong></span> <span class='ocrx_word' id='word_1_58' title='bbox 247 1138 344 1185; x_wconf 89' lang='lat' dir='ltr'><strong>celsum</strong></span> <span class='ocrx_word' id='word_1_59' title='bbox 357 1136 507 1200; x_wconf 72' lang='lat' dir='ltr'><strong>duplicabat</strong></span> <span class='ocrx_word' id='word_1_60' title='bbox 518 1138 612 1185; x_wconf 87' lang='lat' dir='ltr'><strong>vertice</strong></span> <span class='ocrx_word' id='word_1_61' title='bbox 626 1136 777 1201; x_wconf 86' lang='lat' dir='ltr'><strong>Olympum.</strong></span> 
     </span>
    </p>

    <p class='ocr_par' dir='ltr' id='par_1_6' title="bbox 59 1226 737 1640">
     <span class='ocr_line' id='line_1_12' title="bbox 59 1226 737 1288; baseline 0.003 -16"><span class='ocrx_word' id='word_1_62' title='bbox 59 1230 91 1272; x_wconf 86' lang='grc'><strong>35</strong></span> <span class='ocrx_word' id='word_1_63' title='bbox 112 1227 163 1273; x_wconf 86' lang='lat' dir='ltr'><strong>tale</strong></span> <span class='ocrx_word' id='word_1_64' title='bbox 176 1226 240 1274; x_wconf 86' lang='lat' dir='ltr'><strong>deae</strong></span> <span class='ocrx_word' id='word_1_65' title='bbox 253 1227 337 1273; x_wconf 73' lang='lat' dir='ltr'><strong>sclam</strong></span> <span class='ocrx_word' id='word_1_66' title='bbox 351 1226 471 1273; x_wconf 87' lang='lat' dir='ltr'><strong>sollemni</strong></span> <span class='ocrx_word' id='word_1_67' title='bbox 485 1234 600 1288; x_wconf 87' lang='lat' dir='ltr'><strong>tempore</strong></span> <span class='ocrx_word' id='word_1_68' title='bbox 614 1234 737 1288; x_wconf 82' lang='lat' dir='ltr'><strong>portant3</strong></span> 
     </span>
     <span class='ocr_line' id='line_1_13' title="bbox 112 1313 683 1372; baseline 0.002 -10"><span class='ocrx_word' id='word_1_69' title='bbox 112 1315 157 1362; x_wconf 83' lang='lat' dir='ltr'><strong>tali</strong></span> <span class='ocrx_word' id='word_1_70' title='bbox 171 1320 195 1362; x_wconf 90' lang='lat' dir='ltr'><strong>te</strong></span> <span class='ocrx_word' id='word_1_71' title='bbox 208 1315 308 1372; x_wconf 80' lang='lat' dir='ltr'><strong>vellem,</strong></span> <span class='ocrx_word' id='word_1_72' title='bbox 324 1315 445 1362; x_wconf 82' lang='lat' dir='ltr'><strong>iuvenum</strong></span> <span class='ocrx_word' id='word_1_73' title='bbox 459 1313 616 1371; x_wconf 84' lang='lat' dir='ltr'><strong>doctissime,</strong></span> <span class='ocrx_word' id='word_1_74' title='bbox 632 1314 683 1363; x_wconf 90' lang='lat' dir='ltr'><strong>ritu</strong></span> 
     </span>
     <span class='ocr_line' id='line_1_14' title="bbox 112 1402 668 1464; baseline 0.004 -16"><span class='ocrx_word' id='word_1_75' title='bbox 112 1416 254 1464; x_wconf 85' lang='lat' dir='ltr'><strong>purpureos</strong></span> <span class='ocrx_word' id='word_1_76' title='bbox 267 1403 333 1450; x_wconf 88' lang='lat' dir='ltr'><strong>inter</strong></span> <span class='ocrx_word' id='word_1_77' title='bbox 345 1404 413 1450; x_wconf 90' lang='lat' dir='ltr'><strong>soles</strong></span> <span class='ocrx_word' id='word_1_78' title='bbox 427 1412 452 1451; x_wconf 88' lang='lat' dir='ltr'><strong>et</strong></span> <span class='ocrx_word' id='word_1_79' title='bbox 465 1402 576 1450; x_wconf 86' lang='lat' dir='ltr'><strong>candida</strong></span> <span class='ocrx_word' id='word_1_80' title='bbox 588 1402 668 1450; x_wconf 87' lang='lat' dir='ltr'><strong>lunae</strong></span> 
     </span>
     <span class='ocr_line' id='line_1_15' title="bbox 111 1490 686 1554; baseline 0.002 -16"><span class='ocrx_word' id='word_1_81' title='bbox 111 1491 205 1550; x_wconf 79' lang='lat' dir='ltr'><strong>sidera,</strong></span> <span class='ocrx_word' id='word_1_82' title='bbox 222 1492 346 1539; x_wconf 88' lang='lat' dir='ltr'><strong>caeruleis</strong></span> <span class='ocrx_word' id='word_1_83' title='bbox 360 1492 449 1538; x_wconf 86' lang='lat' dir='ltr'><strong>orbem</strong></span> <span class='ocrx_word' id='word_1_84' title='bbox 463 1491 595 1554; x_wconf 86' lang='lat' dir='ltr'><strong>pulsantia</strong></span> <span class='ocrx_word' id='word_1_85' title='bbox 608 1490 686 1552; x_wconf 86' lang='lat' dir='ltr'><strong>bigis,</strong></span> 
     </span>
     <span class='ocr_line' id='line_1_16' title="bbox 112 1579 687 1640; baseline 0.002 -14"><span class='ocrx_word' id='word_1_86' title='bbox 112 1588 218 1628; x_wconf 84' lang='lat' dir='ltr'><strong>naturae</strong></span> <span class='ocrx_word' id='word_1_87' title='bbox 232 1595 316 1627; x_wconf 88' lang='lat' dir='ltr'><strong>rerum</strong></span> <span class='ocrx_word' id='word_1_88' title='bbox 330 1581 431 1640; x_wconf 84' lang='lat' dir='ltr'><strong>magnis</strong></span> <span class='ocrx_word' id='word_1_89' title='bbox 444 1581 559 1627; x_wconf 85' lang='lat' dir='ltr'><strong>intexere</strong></span> <span class='ocrx_word' id='word_1_90' title='bbox 573 1579 687 1639; x_wconf 77' lang='lat' dir='ltr'><strong>chartis3</strong></span> 
     </span>
    </p>

    <p class='ocr_par' dir='ltr' id='par_1_7' title="bbox 59 1668 835 2084">
     <span class='ocr_line' id='line_1_17' title="bbox 59 1668 784 1732; baseline 0.003 -16"><span class='ocrx_word' id='word_1_91' title='bbox 59 1675 92 1716; x_wconf 83' lang='lat'><strong>40</strong></span> <span class='ocrx_word' id='word_1_92' title='bbox 112 1677 245 1718; x_wconf 84' lang='lat' dir='ltr'><strong>aeternum</strong></span> <span class='ocrx_word' id='word_1_93' title='bbox 258 1668 366 1732; x_wconf 87' lang='lat' dir='ltr'><strong>sophiae</strong></span> <span class='ocrx_word' id='word_1_94' title='bbox 380 1669 546 1716; x_wconf 88' lang='lat' dir='ltr'><strong>coniunctum</strong></span> <span class='ocrx_word' id='word_1_95' title='bbox 560 1669 675 1717; x_wconf 83' lang='lat' dir='ltr'><strong>carmine</strong></span> <span class='ocrx_word' id='word_1_96' title='bbox 688 1685 784 1718; x_wconf 89' lang='lat' dir='ltr'><strong>nomen</strong></span> 
     </span>
     <span class='ocr_line' id='line_1_18' title="bbox 112 1757 788 1819; baseline 0 -15"><span class='ocrx_word' id='word_1_97' title='bbox 112 1766 200 1806; x_wconf 90' lang='lat' dir='ltr'><strong>nostra</strong></span> <span class='ocrx_word' id='word_1_98' title='bbox 213 1766 285 1805; x_wconf 84' lang='lat' dir='ltr'><strong>tuum</strong></span> <span class='ocrx_word' id='word_1_99' title='bbox 298 1757 401 1806; x_wconf 90' lang='lat' dir='ltr'><strong>senibus</strong></span> <span class='ocrx_word' id='word_1_100' title='bbox 414 1757 563 1819; x_wconf 87' lang='lat' dir='ltr'><strong>loqueretur</strong></span> <span class='ocrx_word' id='word_1_101' title='bbox 576 1757 674 1819; x_wconf 87' lang='lat' dir='ltr'><strong>pagina</strong></span> <span class='ocrx_word' id='word_1_102' title='bbox 686 1759 788 1806; x_wconf 86' lang='lat' dir='ltr'><strong>saeclis.</strong></span> 
     </span>
     <span class='ocr_line' id='line_1_19' title="bbox 112 1845 833 1909; baseline 0 -15"><span class='ocrx_word' id='word_1_103' title='bbox 112 1847 156 1894; x_wconf 86' lang='lat' dir='ltr'><strong>sed</strong></span> <span class='ocrx_word' id='word_1_104' title='bbox 165 1847 289 1909; x_wconf 88' lang='lat' dir='ltr'><strong>quoniam</strong></span> <span class='ocrx_word' id='word_1_105' title='bbox 296 1846 328 1894; x_wconf 90' lang='lat' dir='ltr'><strong>ad</strong></span> <span class='ocrx_word' id='word_1_106' title='bbox 337 1853 421 1894; x_wconf 88' lang='lat' dir='ltr'><strong>tantas</strong></span> <span class='ocrx_word' id='word_1_107' title='bbox 430 1860 498 1892; x_wconf 87' lang='lat' dir='ltr'><strong>nunc</strong></span> <span class='ocrx_word' id='word_1_108' title='bbox 506 1845 617 1908; x_wconf 89' lang='lat' dir='ltr'><strong>primum</strong></span> <span class='ocrx_word' id='word_1_109' title='bbox 625 1847 758 1894; x_wconf 89' lang='lat' dir='ltr'><strong>nascimur</strong></span> <span class='ocrx_word' id='word_1_110' title='bbox 766 1855 833 1901; x_wconf 81' lang='lat' dir='ltr'><strong>artes,</strong></span> 
     </span>
     <span class='ocr_line' id='line_1_20' title="bbox 112 1933 787 1998; baseline 0.001 -17"><span class='ocrx_word' id='word_1_111' title='bbox 112 1949 181 1983; x_wconf 87' lang='lat' dir='ltr'><strong>nunc</strong></span> <span class='ocrx_word' id='word_1_112' title='bbox 194 1937 305 1998; x_wconf 88' lang='lat' dir='ltr'><strong>primum</strong></span> <span class='ocrx_word' id='word_1_113' title='bbox 319 1943 419 1983; x_wconf 87' lang='lat' dir='ltr'><strong>teneros</strong></span> <span class='ocrx_word' id='word_1_114' title='bbox 433 1934 564 1982; x_wconf 86' lang='lat' dir='ltr'><strong>firmamus</strong></span> <span class='ocrx_word' id='word_1_115' title='bbox 577 1933 670 1981; x_wconf 84' lang='lat' dir='ltr'><strong>robore</strong></span> <span class='ocrx_word' id='word_1_116' title='bbox 685 1949 787 1993; x_wconf 85' lang='lat' dir='ltr'><strong>nervos,</strong></span> 
     </span>
     <span class='ocr_line' id='line_1_21' title="bbox 112 2020 835 2084; baseline -0.008 -13"><span class='ocrx_word' id='word_1_117' title='bbox 112 2023 176 2071; x_wconf 89' lang='lat' dir='ltr'><strong>haec</strong></span> <span class='ocrx_word' id='word_1_118' title='bbox 189 2032 274 2072; x_wconf 86' lang='lat' dir='ltr'><strong>tamen</strong></span> <span class='ocrx_word' id='word_1_119' title='bbox 288 2024 395 2080; x_wconf 87' lang='lat' dir='ltr'><strong>interea,</strong></span> <span class='ocrx_word' id='word_1_120' title='bbox 412 2036 478 2084; x_wconf 87' lang='lat' dir='ltr'><strong>quae</strong></span> <span class='ocrx_word' id='word_1_121' title='bbox 488 2036 634 2084; x_wconf 88' lang='lat' dir='ltr'><strong>possumus,</strong></span> <span class='ocrx_word' id='word_1_122' title='bbox 650 2022 676 2068; x_wconf 90' lang='lat' dir='ltr'><strong>in</strong></span> <span class='ocrx_word' id='word_1_123' title='bbox 685 2020 835 2084; x_wconf 87' lang='lat' dir='ltr'><strong>quibusaen&#39;</strong></span> 
     </span>
    </p>

    <p class='ocr_par' dir='ltr' id='par_1_8' title="bbox 59 2110 760 2529">
     <span class='ocr_line' id='line_1_22' title="bbox 59 2110 751 2175; baseline -0.003 -15"><span class='ocrx_word' id='word_1_124' title='bbox 59 2118 92 2160; x_wconf 83' lang='lat'><strong>45</strong></span> <span class='ocrx_word' id='word_1_125' title='bbox 112 2113 194 2175; x_wconf 90' lang='lat' dir='ltr'><strong>prima</strong></span> <span class='ocrx_word' id='word_1_126' title='bbox 207 2112 353 2160; x_wconf 87' lang='lat' dir='ltr'><strong>rudimenta</strong></span> <span class='ocrx_word' id='word_1_127' title='bbox 366 2119 390 2158; x_wconf 86' lang='lat' dir='ltr'><strong>et</strong></span> <span class='ocrx_word' id='word_1_128' title='bbox 402 2111 498 2173; x_wconf 86' lang='lat' dir='ltr'><strong>primos</strong></span> <span class='ocrx_word' id='word_1_129' title='bbox 512 2110 645 2171; x_wconf 79' lang='lat' dir='ltr'><strong>exegimus</strong></span> <span class='ocrx_word' id='word_1_130' title='bbox 658 2125 751 2170; x_wconf 87' lang='lat' dir='ltr'><strong>anuos,</strong></span> 
     </span>
     <span class='ocr_line' id='line_1_23' title="bbox 112 2198 699 2264; baseline -0.002 -16"><span class='ocrx_word' id='word_1_131' title='bbox 112 2202 200 2264; x_wconf 82' lang='lat' dir='ltr'><strong>accipe</strong></span> <span class='ocrx_word' id='word_1_132' title='bbox 213 2202 282 2249; x_wconf 89' lang='lat' dir='ltr'><strong>dona</strong></span> <span class='ocrx_word' id='word_1_133' title='bbox 296 2215 353 2247; x_wconf 89' lang='lat' dir='ltr'><strong>meo</strong></span> <span class='ocrx_word' id='word_1_134' title='bbox 368 2201 476 2247; x_wconf 89' lang='lat' dir='ltr'><strong>multum</strong></span> <span class='ocrx_word' id='word_1_135' title='bbox 490 2198 595 2259; x_wconf 79' lang='lat' dir='ltr'><strong>vigilata</strong></span> <span class='ocrx_word' id='word_1_136' title='bbox 609 2198 699 2247; x_wconf 89' lang='lat' dir='ltr'><strong>labore</strong></span> 
     </span>
     <span class='ocr_line' id='line_1_24' title="bbox 113 2288 696 2352; baseline -0.002 -16"><span class='ocrx_word' id='word_1_137' title='bbox 113 2291 240 2352; x_wconf 88' lang='lat' dir='ltr'><strong>promissa</strong></span> <span class='ocrx_word' id='word_1_138' title='bbox 253 2297 329 2350; x_wconf 88' lang='lat' dir='ltr'><strong>atquc</strong></span> <span class='ocrx_word' id='word_1_139' title='bbox 344 2289 387 2336; x_wconf 69' lang='lat' dir='ltr'><strong>aliu</strong></span> <span class='ocrx_word' id='word_1_140' title='bbox 401 2289 452 2337; x_wconf 89' lang='lat' dir='ltr'><strong>iam</strong></span> <span class='ocrx_word' id='word_1_141' title='bbox 465 2288 569 2336; x_wconf 90' lang='lat' dir='ltr'><strong>tandem</strong></span> <span class='ocrx_word' id='word_1_142' title='bbox 584 2321 696 2335; x_wconf 89' lang='lat'><strong>.......</strong></span> 
     </span>
     <span class='ocr_line' id='line_1_25' title="bbox 113 2376 760 2442; baseline -0.002 -17"><span class='ocrx_word' id='word_1_143' title='bbox 113 2379 192 2442; x_wconf 87' lang='lat' dir='ltr'><strong>impia</strong></span> <span class='ocrx_word' id='word_1_144' title='bbox 205 2377 329 2442; x_wconf 82' lang='lat' dir='ltr'><strong>prodigiis</strong></span> <span class='ocrx_word' id='word_1_145' title='bbox 343 2384 371 2425; x_wconf 87' lang='lat' dir='ltr'><strong>ut</strong></span> <span class='ocrx_word' id='word_1_146' title='bbox 384 2378 516 2439; x_wconf 90' lang='lat' dir='ltr'><strong>quondam</strong></span> <span class='ocrx_word' id='word_1_147' title='bbox 529 2376 650 2424; x_wconf 86' lang='lat' dir='ltr'><strong>exterrita</strong></span> <span class='ocrx_word' id='word_1_148' title='bbox 663 2377 760 2424; x_wconf 86' lang='lat' dir='ltr'><strong>amoris</strong></span> 
     </span>
     <span class='ocr_line' id='line_1_26' title="bbox 112 2465 737 2529; baseline -0.006 -13"><span class='ocrx_word' id='word_1_149' title='bbox 112 2466 200 2529; x_wconf 85' lang='lat' dir='ltr'><strong>Scylla</strong></span> <span class='ocrx_word' id='word_1_150' title='bbox 213 2481 292 2515; x_wconf 89' lang='lat' dir='ltr'><strong>novos</strong></span> <span class='ocrx_word' id='word_1_151' title='bbox 307 2466 390 2512; x_wconf 82' lang='lat' dir='ltr'><strong>avium</strong></span> <span class='ocrx_word' id='word_1_152' title='bbox 405 2465 522 2512; x_wconf 87' lang='lat' dir='ltr'><strong>sublimis</strong></span> <span class='ocrx_word' id='word_1_153' title='bbox 535 2466 561 2512; x_wconf 91' lang='lat' dir='ltr'><strong>in</strong></span> <span class='ocrx_word' id='word_1_154' title='bbox 575 2479 634 2513; x_wconf 91' lang='lat' dir='ltr'><strong>aere</strong></span> <span class='ocrx_word' id='word_1_155' title='bbox 649 2473 737 2512; x_wconf 87' lang='lat' dir='ltr'><strong>coetus</strong></span> 
     </span>
    </p>

    <p class='ocr_par' dir='ltr' id='par_1_9' title="bbox 56 2553 726 2707">
     <span class='ocr_line' id='line_1_27' title="bbox 56 2553 726 2614; baseline -0.009 -9"><span class='ocrx_word' id='word_1_156' title='bbox 56 2560 92 2607; x_wconf 71' lang='lat'><strong>50</strong></span> <span class='ocrx_word' id='word_1_157' title='bbox 112 2555 204 2607; x_wconf 78' lang='lat' dir='ltr'><strong>viderit</strong></span> <span class='ocrx_word' id='word_1_158' title='bbox 216 2563 242 2606; x_wconf 85' lang='lat' dir='ltr'><strong>et</strong></span> <span class='ocrx_word' id='word_1_159' title='bbox 254 2555 325 2606; x_wconf 85' lang='lat' dir='ltr'><strong>tenui</strong></span> <span class='ocrx_word' id='word_1_160' title='bbox 339 2555 514 2603; x_wconf 82' lang='lat' dir='ltr'><strong>conscendens</strong></span> <span class='ocrx_word' id='word_1_161' title='bbox 528 2553 632 2602; x_wconf 86' lang='lat' dir='ltr'><strong>aethera</strong></span> <span class='ocrx_word' id='word_1_162' title='bbox 646 2554 726 2614; x_wconf 89' lang='lat' dir='ltr'><strong>pinna</strong></span> 
     </span>
     <span class='ocr_line' id='line_1_28' title="bbox 100 2638 703 2707; baseline -0.02 -5"><span class='ocrx_word' id='word_1_163' title='bbox 100 2651 235 2704; x_wconf 79' lang='lat' dir='ltr'><strong>caeruleis</strong></span> <span class='ocrx_word' id='word_1_164' title='bbox 250 2666 300 2702; x_wconf 89' lang='lat' dir='ltr'><strong>sua</strong></span> <span class='ocrx_word' id='word_1_165' title='bbox 314 2655 386 2699; x_wconf 75' lang='lat' dir='ltr'><strong>tecta</strong></span> <span class='ocrx_word' id='word_1_166' title='bbox 400 2638 703 2707; x_wconf 50' lang='lat' dir='ltr'><strong>supervolitaaer&#39;aahsa</strong></span> 
     </span>
    </p>
   </div>
   <div class='ocr_carea' id='block_1_4' title="bbox 0 0 908 2956">
    <p class='ocr_par' dir='ltr' id='par_1_10' title="bbox 0 0 908 2956">
     <span class='ocr_line' id='line_1_29' title="bbox 0 0 908 2956; baseline 0 0"><span class='ocrx_word' id='word_1_167' title='bbox 0 0 908 2956; x_wconf 95' lang='lat' dir='ltr'><strong> </strong></span> 
     </span>
    </p>
   </div>
  </div>
 </body>
</html>
