1808 2956
249 176 397 216 Asnrttpos
417 177 507 216 Lfflsrr
523 178 563 217 tv.
582 202 584 205 ·
744 169 802 215 231

77 333 139 395 quid
158 333 252 382 struis?
271 340 316 381 aut
333 347 385 395 qua
402 347 447 396 spe
460 333 563 395 Libycis
577 334 637 381 teris
650 335 704 382 otia
715 334 808 383 terris?

76 423 99 470 si
112 429 136 472 te
149 423 223 470 nulle
236 429 321 470 movet
333 429 464 469 tantarum
477 423 562 483 gloria
574 437 660 471 rerum

78 511 138 574 [nec
150 526 227 574 super
239 511 294 573 ipse
308 518 352 558 tua
365 511 462 558 moliris
477 511 554 559 laude
568 510 705 574 laborem],

75 600 218 649 Ascanium
231 608 379 661 surgentem
392 607 417 647 et
429 614 487 662 spes
500 599 601 647 heredis
614 599 664 649 Iuli

30 694 56 738 {5
77 689 184 751 respice,
201 688 241 736 eui
255 703 363 749 regnum
376 688 468 736 Italiae
480 688 651 750 Romanaque
664 688 741 736 tellus

77 768 222 833 debentur?
245 777 291 825 tuli
306 775 439 838 Cyllenius
453 791 498 825 ore
511 778 612 826 loeutus

77 866 194 914 mortalis
207 866 275 913 visus
289 866 374 913 medio
387 879 506 913 sermone
519 866 624 928 reliquit

77 962 103 1003 et
115 955 206 1017 procul
219 954 247 1001 in
260 960 362 1002 tenuem
376 968 408 1001 ex
422 954 503 1002 oculis
518 955 622 1002 evanuit
634 968 732 1004 euram.

112 1044 149 1093 At
160 1058 220 1091 vero
233 1043 336 1091 Aeneas
351 1049 456 1104 aspectu
469 1042 598 1090 obmutuit
610 1057 708 1102 amens,

30 1137 57 1180 30
77 1139 243 1193 arrectaeque
254 1132 361 1179 horrore
373 1145 471 1190 comae,
488 1139 513 1179 et
524 1147 574 1179 vox
584 1131 701 1180 faucibus
713 1131 805 1180 haesit.

77 1220 150 1268 ardet
162 1219 233 1267 abire
246 1219 308 1281 fuga
321 1219 455 1281 dulcisque
467 1220 613 1282 relinquere
625 1228 715 1279 terras,

77 1309 201 1356 attonitus
215 1315 286 1356 tanto
300 1308 399 1356 monitu
413 1307 574 1370 imperioque
587 1309 703 1357 deorum.

77 1397 128 1447 heu
141 1397 203 1460 quid
217 1396 294 1466 agat?
314 1411 365 1458 quo
384 1410 453 1443 nune
470 1397 587 1458 reginam
607 1398 704 1446 ambire
721 1397 807 1445 furen-

380 1493 431 1532 lem

76 1576 170 1624 audeat
183 1573 289 1622 adfatu?
309 1587 375 1635 quae
387 1573 472 1635 prima
485 1574 592 1621 exordis
605 1573 707 1622 sumat?

30 1669 56 1713 35
77 1663 168 1726 [atque
187 1663 302 1710 animum
321 1677 390 1709 nunc
409 1662 460 1710 huc
480 1663 605 1720 celerem,
626 1676 695 1710 nunc
715 1662 808 1709 dividit

379 1751 441 1799 illue

76 1840 103 1886 in
116 1840 248 1903 partisque
260 1839 328 1901 rupit
340 1840 423 1887 varias
437 1853 535 1902 perque
547 1838 636 1886 omnia
648 1836 746 1900 versat]

76 1929 142 1977 haee
155 1929 293 1977 alternanti
307 1928 392 1990 potior
406 1926 534 1974 sententia
546 1926 639 1974 visast:

76 2018 211 2066 Mnesthea
236 2015 436 2078 Sergestumque
467 2021 542 2062 vocat
566 2014 708 2077 fortemque
734 2013 807 2062 Sere-

379 2110 455 2161 stum,

77 2194 187 2242 classem
200 2200 289 2255 aptent
302 2192 373 2240 taciti
386 2191 523 2253 sociosque
536 2192 569 2240 nd
583 2191 660 2239 litora
673 2196 777 2252 cogent,

30 2287 57 2330 ³0
78 2297 150 2330 arma
162 2288 254 2344 parent
267 2287 292 2328 et
305 2295 371 2342 quae
384 2279 459 2329 rebus
473 2279 506 2326 sit
519 2294 597 2328 causa
610 2278 736 2326 novandis

78 2370 256 2428 dissimulent3
276 2383 331 2417 sese
344 2369 451 2426 interea,
467 2369 572 2430 quando
586 2367 685 2429 optimu
696 2366 767 2413 Dido

77 2458 177 2507 nesciat
190 2465 215 2506 et
227 2464 311 2506 tantos
325 2457 409 2518 rumpi
423 2470 475 2502 non
488 2463 573 2518 speret
585 2469 695 2512 amores,

78 2553 262 2609 temptaturum
275 2546 359 2594 aditus
373 2554 399 2595 et
411 2560 479 2609 quse
490 2543 656 2593 mollissime„
664 2540 747 2586 ‘muni

72 2641 195 2695 tempora,
213 2636 271 2699 quis
287 2637 368 2688 rebus
384 2639 480 2689 dexter
493 2623 611 2688 mistus.
639 2627 724 2677 ussus
734 2621 840 2665 emsa*
