<?xml version="1.0" encoding="UTF-8"?>
<!DOCTYPE html PUBLIC "-//W3C//DTD XHTML 1.0 Transitional//EN"
    "http://www.w3.org/TR/xhtml1/DTD/xhtml1-transitional.dtd">
<html xmlns="http://www.w3.org/1999/xhtml" xml:lang="en" lang="en">
 <head>
  <title>
</title>
<meta http-equiv="Content-Type" content="text/html;charset=utf-8" />
  <meta name='ocr-system' content='tesseract 3.04.00' />
  <meta name='ocr-capabilities' content='ocr_page ocr_carea ocr_par ocr_line ocrx_word'/>
</head>
<body>
  <div class='ocr_page' id='page_1' title='image "./pvergiliusmaro00virggoog/pvergiliusmaro00virggoog_0032.png"; bbox 0 0 1808 2956; ppageno 0'>
   <div class='ocr_carea' id='block_1_1' title="bbox 288 146 508 193">
    <p class='ocr_par' dir='ltr' id='par_1_1' title="bbox 288 146 508 193">
     <span class='ocr_line' id='line_1_1' title="bbox 288 146 508 193; baseline 0 -1"><span class='ocrx_word' id='word_1_1' title='bbox 288 152 407 192; x_wconf 75' lang='lat' dir='ltr'>senoch</span> <span class='ocrx_word' id='word_1_2' title='bbox 432 153 482 193; x_wconf 88' lang='lat' dir='ltr'>v11.</span> <span class='ocrx_word' id='word_1_3' title='bbox 506 146 508 148; x_wconf 17' lang='lat' dir='ltr'>V</span> 
     </span>
    </p>
   </div>
   <div class='ocr_carea' id='block_1_2' title="bbox 270 419 498 474">
    <p class='ocr_par' dir='ltr' id='par_1_2' title="bbox 270 419 498 474">
     <span class='ocr_line' id='line_1_2' title="bbox 270 419 498 474; baseline -0.004 0"><span class='ocrx_word' id='word_1_4' title='bbox 270 419 422 474; x_wconf 82' lang='lat' dir='ltr'>ECLOGA</span> <span class='ocrx_word' id='word_1_5' title='bbox 437 421 498 474; x_wconf 90' lang='lat' dir='ltr'>VII.</span> 
     </span>
    </p>
   </div>
   <div class='ocr_carea' id='block_1_3' title="bbox 100 577 666 617">
    <p class='ocr_par' dir='ltr' id='par_1_3' title="bbox 100 577 666 617">
     <span class='ocr_line' id='line_1_3' title="bbox 100 577 666 617; baseline 0 -1"><span class='ocrx_word' id='word_1_6' title='bbox 100 577 281 617; x_wconf 65' lang='lat' dir='ltr'>Marmolitis.</span> <span class='ocrx_word' id='word_1_7' title='bbox 329 578 481 616; x_wconf 86' lang='lat' dir='ltr'>CORYDON.</span> <span class='ocrx_word' id='word_1_8' title='bbox 529 578 666 616; x_wconf 72' lang='lat' dir='ltr'>THYRSIS,</span> 
     </span>
    </p>
   </div>
   <div class='ocr_carea' id='block_1_4' title="bbox 10 752 786 2674">
    <p class='ocr_par' dir='ltr' id='par_1_4' title="bbox 10 752 786 2674">
     <span class='ocr_line' id='line_1_4' title="bbox 56 752 723 815; baseline -0.003 -13"><span class='ocrx_word' id='word_1_9' title='bbox 56 770 84 802; x_wconf 80' lang='lat' dir='ltr'>n.</span> <span class='ocrx_word' id='word_1_10' title='bbox 106 753 183 801; x_wconf 80' lang='lat' dir='ltr'>Forte</span> <span class='ocrx_word' id='word_1_11' title='bbox 196 752 242 800; x_wconf 91' lang='lat' dir='ltr'>sub</span> <span class='ocrx_word' id='word_1_12' title='bbox 257 760 348 814; x_wconf 87' lang='lat' dir='ltr'>arguta</span> <span class='ocrx_word' id='word_1_13' title='bbox 361 754 513 801; x_wconf 81' lang='lat' dir='ltr'><strong>consederat</strong></span> <span class='ocrx_word' id='word_1_14' title='bbox 524 753 583 800; x_wconf 83' lang='lat' dir='ltr'>ilice</span> <span class='ocrx_word' id='word_1_15' title='bbox 596 753 723 815; x_wconf 79' lang='lat' dir='ltr'>Daphnis,</span> 
     </span>
     <span class='ocr_line' id='line_1_5' title="bbox 56 840 783 905; baseline -0.003 -15"><span class='ocrx_word' id='word_1_16' title='bbox 56 843 287 905; x_wconf 80' lang='lat' dir='ltr'>compulerantque</span> <span class='ocrx_word' id='word_1_17' title='bbox 312 856 403 904; x_wconf 84' lang='lat' dir='ltr'>greges</span> <span class='ocrx_word' id='word_1_18' title='bbox 429 840 551 903; x_wconf 86' lang='lat' dir='ltr'>Corydon</span> <span class='ocrx_word' id='word_1_19' title='bbox 577 848 602 888; x_wconf 88' lang='lat' dir='ltr'>et</span> <span class='ocrx_word' id='word_1_20' title='bbox 626 841 731 904; x_wconf 87' lang='lat' dir='ltr'>Thyrsis</span> <span class='ocrx_word' id='word_1_21' title='bbox 756 842 783 889; x_wconf 88' lang='lat' dir='ltr'>in</span> 
     </span>
     <span class='ocr_line' id='line_1_6' title="bbox 358 945 447 985; baseline -0.011 -7"><span class='ocrx_word' id='word_1_22' title='bbox 358 945 447 985; x_wconf 76' lang='lat' dir='ltr'>unum,</span> 
     </span>
     <span class='ocr_line' id='line_1_7' title="bbox 55 1017 729 1082; baseline -0.001 -15"><span class='ocrx_word' id='word_1_23' title='bbox 55 1019 162 1081; x_wconf 86' lang='lat' dir='ltr'>Thyrsis</span> <span class='ocrx_word' id='word_1_24' title='bbox 176 1020 239 1078; x_wconf 78' lang='lat' dir='ltr'>ovis,</span> <span class='ocrx_word' id='word_1_25' title='bbox 256 1017 378 1082; x_wconf 83' lang='lat' dir='ltr'>Corydon</span> <span class='ocrx_word' id='word_1_26' title='bbox 392 1020 515 1068; x_wconf 85' lang='lat' dir='ltr'>distentas</span> <span class='ocrx_word' id='word_1_27' title='bbox 527 1020 594 1068; x_wconf 87' lang='lat' dir='ltr'>lacte</span> <span class='ocrx_word' id='word_1_28' title='bbox 608 1021 729 1082; x_wconf 83' lang='lat' dir='ltr'>capellas,</span> 
     </span>
     <span class='ocr_line' id='line_1_8' title="bbox 57 1108 646 1168; baseline 0 -12"><span class='ocrx_word' id='word_1_29' title='bbox 57 1108 134 1157; x_wconf 89' lang='lat' dir='ltr'>ambo</span> <span class='ocrx_word' id='word_1_30' title='bbox 147 1108 267 1156; x_wconf 86' lang='lat' dir='ltr'>florentes</span> <span class='ocrx_word' id='word_1_31' title='bbox 280 1108 415 1167; x_wconf 86' lang='lat' dir='ltr'>aetatibus,</span> <span class='ocrx_word' id='word_1_32' title='bbox 432 1109 546 1156; x_wconf 84' lang='lat' dir='ltr'>Arcades</span> <span class='ocrx_word' id='word_1_33' title='bbox 560 1110 646 1168; x_wconf 86' lang='lat' dir='ltr'>ambo,</span> 
     </span>
     <span class='ocr_line' id='line_1_9' title="bbox 23 1198 599 1260; baseline 0 -15"><span class='ocrx_word' id='word_1_34' title='bbox 23 1201 36 1245; x_wconf 88' lang='grc'><strong>5</strong></span> <span class='ocrx_word' id='word_1_35' title='bbox 57 1204 83 1245; x_wconf 85' lang='lat' dir='ltr'>et</span> <span class='ocrx_word' id='word_1_36' title='bbox 96 1205 200 1245; x_wconf 86' lang='lat' dir='ltr'>cantare</span> <span class='ocrx_word' id='word_1_37' title='bbox 212 1212 287 1260; x_wconf 89' lang='lat' dir='ltr'>pares</span> <span class='ocrx_word' id='word_1_38' title='bbox 301 1205 326 1246; x_wconf 87' lang='lat' dir='ltr'>et</span> <span class='ocrx_word' id='word_1_39' title='bbox 338 1198 494 1260; x_wconf 88' lang='lat' dir='ltr'>respondere</span> <span class='ocrx_word' id='word_1_40' title='bbox 507 1199 599 1260; x_wconf 86' lang='lat' dir='ltr'>parati.</span> 
     </span>
     <span class='ocr_line' id='line_1_10' title="bbox 56 1285 782 1348; baseline 0.003 -16"><span class='ocrx_word' id='word_1_41' title='bbox 56 1285 107 1332; x_wconf 92' lang='lat' dir='ltr'>huc</span> <span class='ocrx_word' id='word_1_42' title='bbox 124 1285 203 1344; x_wconf 88' lang='lat' dir='ltr'>mihi,</span> <span class='ocrx_word' id='word_1_43' title='bbox 225 1286 286 1333; x_wconf 93' lang='lat' dir='ltr'>dum</span> <span class='ocrx_word' id='word_1_44' title='bbox 304 1293 404 1334; x_wconf 86' lang='lat' dir='ltr'>teneres</span> <span class='ocrx_word' id='word_1_45' title='bbox 418 1287 527 1335; x_wconf 85' lang='lat' dir='ltr'>defendo</span> <span class='ocrx_word' id='word_1_46' title='bbox 542 1302 557 1334; x_wconf 86' lang='lat' dir='ltr'>a</span> <span class='ocrx_word' id='word_1_47' title='bbox 570 1287 664 1348; x_wconf 83' lang='lat' dir='ltr'>frigore</span> <span class='ocrx_word' id='word_1_48' title='bbox 677 1293 782 1348; x_wconf 83' lang='lat' dir='ltr'>myrtos,</span> 
     </span>
     <span class='ocr_line' id='line_1_11' title="bbox 57 1373 785 1439; baseline 0.003 -18"><span class='ocrx_word' id='word_1_49' title='bbox 57 1374 96 1421; x_wconf 87' lang='lat' dir='ltr'>vir</span> <span class='ocrx_word' id='word_1_50' title='bbox 119 1373 205 1435; x_wconf 87' lang='lat' dir='ltr'>gregis</span> <span class='ocrx_word' id='word_1_51' title='bbox 229 1375 285 1436; x_wconf 89' lang='lat' dir='ltr'>ipse</span> <span class='ocrx_word' id='word_1_52' title='bbox 315 1389 391 1437; x_wconf 87' lang='lat' dir='ltr'>caper</span> <span class='ocrx_word' id='word_1_53' title='bbox 420 1375 594 1434; x_wconf 72' lang='lat' dir='ltr'>demoveret,</span> <span class='ocrx_word' id='word_1_54' title='bbox 629 1382 705 1439; x_wconf 89' lang='lat' dir='ltr'>atque</span> <span class='ocrx_word' id='word_1_55' title='bbox 736 1390 785 1437; x_wconf 95' lang='lat' dir='ltr'>ego</span> 
     </span>
     <span class='ocr_line' id='line_1_12' title="bbox 358 1463 492 1525; baseline 0.007 -15"><span class='ocrx_word' id='word_1_56' title='bbox 358 1463 492 1525; x_wconf 88' lang='lat' dir='ltr'>Daphnim</span> 
     </span>
     <span class='ocr_line' id='line_1_13' title="bbox 58 1545 744 1616; baseline 0 -17"><span class='ocrx_word' id='word_1_57' title='bbox 58 1550 167 1613; x_wconf 88' lang='lat' dir='ltr'>aspicio.</span> <span class='ocrx_word' id='word_1_58' title='bbox 194 1551 238 1599; x_wconf 90' lang='lat' dir='ltr'>ille</span> <span class='ocrx_word' id='word_1_59' title='bbox 251 1550 295 1598; x_wconf 93' lang='lat' dir='ltr'>ubi</span> <span class='ocrx_word' id='word_1_60' title='bbox 309 1565 350 1600; x_wconf 90' lang='lat' dir='ltr'>me</span> <span class='ocrx_word' id='word_1_61' title='bbox 363 1559 453 1599; x_wconf 88' lang='lat' dir='ltr'>contra</span> <span class='ocrx_word' id='word_1_62' title='bbox 466 1552 542 1610; x_wconf 86' lang='lat' dir='ltr'>videt,</span> <span class='ocrx_word' id='word_1_63' title='bbox 557 1545 647 1600; x_wconf 89' lang='lat' dir='ltr'>‘ocius&#39;</span> <span class='ocrx_word' id='word_1_64' title='bbox 660 1552 744 1616; x_wconf 88' lang='lat' dir='ltr'>inquit</span> 
     </span>
     <span class='ocr_line' id='line_1_14' title="bbox 54 1629 782 1703; baseline 0.001 -17"><span class='ocrx_word' id='word_1_65' title='bbox 54 1629 117 1687; x_wconf 84' lang='lat' dir='ltr'>‘huc</span> <span class='ocrx_word' id='word_1_66' title='bbox 130 1639 201 1697; x_wconf 86' lang='lat' dir='ltr'>ades,</span> <span class='ocrx_word' id='word_1_67' title='bbox 217 1654 232 1686; x_wconf 95' lang='lat' dir='ltr'>o</span> <span class='ocrx_word' id='word_1_68' title='bbox 245 1639 388 1688; x_wconf 87' lang='lat' dir='ltr'>Meliboee:</span> <span class='ocrx_word' id='word_1_69' title='bbox 408 1655 485 1703; x_wconf 88' lang='lat' dir='ltr'>caper</span> <span class='ocrx_word' id='word_1_70' title='bbox 498 1641 543 1688; x_wconf 82' lang='lat' dir='ltr'>tibi</span> <span class='ocrx_word' id='word_1_71' title='bbox 557 1642 641 1689; x_wconf 88' lang='lat' dir='ltr'>salvos</span> <span class='ocrx_word' id='word_1_72' title='bbox 655 1648 681 1690; x_wconf 87' lang='lat' dir='ltr'>et</span> <span class='ocrx_word' id='word_1_73' title='bbox 693 1641 782 1689; x_wconf 88' lang='lat' dir='ltr'>haedi:</span> 
     </span>
     <span class='ocr_line' id='line_1_15' title="bbox 10 1728 710 1790; baseline 0.006 -16"><span class='ocrx_word' id='word_1_74' title='bbox 10 1733 39 1775; x_wconf 89' lang='lat'>10</span> <span class='ocrx_word' id='word_1_75' title='bbox 58 1735 84 1776; x_wconf 89' lang='lat' dir='ltr'>et</span> <span class='ocrx_word' id='word_1_76' title='bbox 96 1728 181 1789; x_wconf 90' lang='lat' dir='ltr'>siquid</span> <span class='ocrx_word' id='word_1_77' title='bbox 195 1741 294 1775; x_wconf 89' lang='lat' dir='ltr'>cessare</span> <span class='ocrx_word' id='word_1_78' title='bbox 307 1734 389 1789; x_wconf 88' lang='lat' dir='ltr'>potes,</span> <span class='ocrx_word' id='word_1_79' title='bbox 404 1729 536 1790; x_wconf 89' lang='lat' dir='ltr'>requiesce</span> <span class='ocrx_word' id='word_1_80' title='bbox 548 1729 595 1777; x_wconf 89' lang='lat' dir='ltr'>sub</span> <span class='ocrx_word' id='word_1_81' title='bbox 611 1730 710 1778; x_wconf 87' lang='lat' dir='ltr'>umbra.</span> 
     </span>
     <span class='ocr_line' id='line_1_16' title="bbox 59 1815 653 1879; baseline 0.007 -16"><span class='ocrx_word' id='word_1_82' title='bbox 59 1817 109 1864; x_wconf 92' lang='lat' dir='ltr'>huc</span> <span class='ocrx_word' id='word_1_83' title='bbox 121 1815 171 1879; x_wconf 86' lang='lat' dir='ltr'>ipsi</span> <span class='ocrx_word' id='word_1_84' title='bbox 184 1823 273 1878; x_wconf 89' lang='lat' dir='ltr'>potum</span> <span class='ocrx_word' id='word_1_85' title='bbox 286 1815 388 1863; x_wconf 86' lang='lat' dir='ltr'>venient</span> <span class='ocrx_word' id='word_1_86' title='bbox 400 1831 445 1878; x_wconf 89' lang='lat' dir='ltr'>per</span> <span class='ocrx_word' id='word_1_87' title='bbox 457 1824 532 1879; x_wconf 86' lang='lat' dir='ltr'>prata</span> <span class='ocrx_word' id='word_1_88' title='bbox 543 1818 653 1877; x_wconf 86' lang='lat' dir='ltr'>iuvenci,</span> 
     </span>
     <span class='ocr_line' id='line_1_17' title="bbox 58 1904 682 1968; baseline 0.003 -17"><span class='ocrx_word' id='word_1_89' title='bbox 58 1905 101 1952; x_wconf 93' lang='lat' dir='ltr'>hic</span> <span class='ocrx_word' id='word_1_90' title='bbox 113 1904 201 1951; x_wconf 84' lang='lat' dir='ltr'>viridis</span> <span class='ocrx_word' id='word_1_91' title='bbox 216 1911 305 1952; x_wconf 85' lang='lat' dir='ltr'>tenera</span> <span class='ocrx_word' id='word_1_92' title='bbox 317 1906 444 1966; x_wconf 81' lang='lat' dir='ltr'>praetexit</span> <span class='ocrx_word' id='word_1_93' title='bbox 456 1905 600 1954; x_wconf 83' lang='lat' dir='ltr'>harundine</span> <span class='ocrx_word' id='word_1_94' title='bbox 614 1907 682 1968; x_wconf 81' lang='lat' dir='ltr'>ripas</span> 
     </span>
     <span class='ocr_line' id='line_1_18' title="bbox 58 1989 731 2056; baseline 0.004 -16"><span class='ocrx_word' id='word_1_95' title='bbox 58 1993 169 2040; x_wconf 91' lang='lat' dir='ltr'>Mincius</span> <span class='ocrx_word' id='word_1_96' title='bbox 183 2007 249 2054; x_wconf 88' lang='lat' dir='ltr'>eque</span> <span class='ocrx_word' id='word_1_97' title='bbox 261 2007 334 2040; x_wconf 87' lang='lat' dir='ltr'>sacra</span> <span class='ocrx_word' id='word_1_98' title='bbox 348 2001 470 2041; x_wconf 88' lang='lat' dir='ltr'>resonant</span> <span class='ocrx_word' id='word_1_99' title='bbox 483 1995 603 2042; x_wconf 84' lang='lat' dir='ltr'>exarnina</span> <span class='ocrx_word' id='word_1_100' title='bbox 616 1989 731 2056; x_wconf 81' lang='lat' dir='ltr'>quercu&#39;</span> 
     </span>
     <span class='ocr_line' id='line_1_19' title="bbox 59 2081 786 2147; baseline 0.007 -20"><span class='ocrx_word' id='word_1_101' title='bbox 59 2081 121 2144; x_wconf 92' lang='lat' dir='ltr'>quid</span> <span class='ocrx_word' id='word_1_102' title='bbox 141 2081 269 2128; x_wconf 78' lang='lat' dir='ltr'>facerem?</span> <span class='ocrx_word' id='word_1_103' title='bbox 288 2095 372 2143; x_wconf 87' lang='lat' dir='ltr'>neque</span> <span class='ocrx_word' id='word_1_104' title='bbox 390 2096 439 2143; x_wconf 88' lang='lat' dir='ltr'>ego</span> <span class='ocrx_word' id='word_1_105' title='bbox 457 2082 586 2145; x_wconf 81' lang='lat' dir='ltr'>Alcippen</span> <span class='ocrx_word' id='word_1_106' title='bbox 605 2097 653 2131; x_wconf 90' lang='lat' dir='ltr'>nec</span> <span class='ocrx_word' id='word_1_107' title='bbox 665 2084 786 2147; x_wconf 86' lang='lat' dir='ltr'>Phyllida</span> 
     </span>
     <span class='ocr_line' id='line_1_20' title="bbox 360 2170 496 2229; baseline 0 -12"><span class='ocrx_word' id='word_1_108' title='bbox 360 2170 496 2229; x_wconf 81' lang='lat' dir='ltr'>habebam,</span> 
     </span>
     <span class='ocr_line' id='line_1_21' title="bbox 10 2257 707 2322; baseline 0.006 -18"><span class='ocrx_word' id='word_1_109' title='bbox 10 2262 37 2306; x_wconf 85' lang='lat'>15</span> <span class='ocrx_word' id='word_1_110' title='bbox 58 2257 180 2320; x_wconf 88' lang='lat' dir='ltr'>depulsos</span> <span class='ocrx_word' id='word_1_111' title='bbox 194 2273 210 2305; x_wconf 89' lang='lat' dir='ltr'>a</span> <span class='ocrx_word' id='word_1_112' title='bbox 221 2258 288 2306; x_wconf 88' lang='lat' dir='ltr'>lacte</span> <span class='ocrx_word' id='word_1_113' title='bbox 302 2258 371 2305; x_wconf 94' lang='lat' dir='ltr'>domi</span> <span class='ocrx_word' id='word_1_114' title='bbox 386 2273 452 2320; x_wconf 90' lang='lat' dir='ltr'>quac</span> <span class='ocrx_word' id='word_1_115' title='bbox 466 2259 597 2308; x_wconf 78' lang='lat' dir='ltr'>clauderet</span> <span class='ocrx_word' id='word_1_116' title='bbox 609 2275 707 2322; x_wconf 86' lang='lat' dir='ltr'>agn0s;</span> 
     </span>
     <span class='ocr_line' id='line_1_22' title="bbox 59 2345 783 2411; baseline 0.004 -17"><span class='ocrx_word' id='word_1_117' title='bbox 59 2353 84 2394; x_wconf 84' lang='lat' dir='ltr'>et</span> <span class='ocrx_word' id='word_1_118' title='bbox 97 2352 226 2394; x_wconf 88' lang='lat' dir='ltr'>certamen</span> <span class='ocrx_word' id='word_1_119' title='bbox 239 2353 294 2394; x_wconf 84' lang='lat' dir='ltr'>erat</span> <span class='ocrx_word' id='word_1_120' title='bbox 307 2345 428 2408; x_wconf 84' lang='lat' dir='ltr'>Corydon</span> <span class='ocrx_word' id='word_1_121' title='bbox 442 2362 501 2395; x_wconf 92' lang='lat' dir='ltr'>cum</span> <span class='ocrx_word' id='word_1_122' title='bbox 512 2347 638 2410; x_wconf 83' lang='lat' dir='ltr'>Thyrside</span> <span class='ocrx_word' id='word_1_123' title='bbox 651 2365 783 2411; x_wconf 86' lang='lat' dir='ltr'>magnum.</span> 
     </span>
     <span class='ocr_line' id='line_1_23' title="bbox 58 2433 647 2496; baseline 0.005 -16"><span class='ocrx_word' id='word_1_124' title='bbox 58 2433 197 2496; x_wconf 87' lang='lat' dir='ltr'>posthabui</span> <span class='ocrx_word' id='word_1_125' title='bbox 211 2442 297 2482; x_wconf 84' lang='lat' dir='ltr'>tamen</span> <span class='ocrx_word' id='word_1_126' title='bbox 310 2435 415 2482; x_wconf 91' lang='lat' dir='ltr'>illorum</span> <span class='ocrx_word' id='word_1_127' title='bbox 426 2450 485 2483; x_wconf 89' lang='lat' dir='ltr'>mea</span> <span class='ocrx_word' id='word_1_128' title='bbox 497 2437 564 2482; x_wconf 89' lang='lat' dir='ltr'>scria</span> <span class='ocrx_word' id='word_1_129' title='bbox 576 2436 647 2484; x_wconf 90' lang='lat' dir='ltr'>ludo.</span> 
     </span>
     <span class='ocr_line' id='line_1_24' title="bbox 58 2521 639 2583; baseline 0.003 -13"><span class='ocrx_word' id='word_1_130' title='bbox 58 2522 164 2570; x_wconf 88' lang='lat' dir='ltr'>alteruis</span> <span class='ocrx_word' id='word_1_131' title='bbox 177 2521 256 2583; x_wconf 82' lang='lat' dir='ltr'>igitur</span> <span class='ocrx_word' id='word_1_132' title='bbox 269 2524 424 2571; x_wconf 87' lang='lat' dir='ltr'>contendere</span> <span class='ocrx_word' id='word_1_133' title='bbox 436 2523 549 2571; x_wconf 88' lang='lat' dir='ltr'>versibus</span> <span class='ocrx_word' id='word_1_134' title='bbox 563 2524 639 2572; x_wconf 88' lang='lat' dir='ltr'>umbo</span> 
     </span>
     <span class='ocr_line' id='line_1_25' title="bbox 59 2611 718 2674; baseline -0.003 -14"><span class='ocrx_word' id='word_1_135' title='bbox 59 2624 176 2674; x_wconf 86' lang='lat' dir='ltr'>coepere,</span> <span class='ocrx_word' id='word_1_136' title='bbox 192 2611 304 2660; x_wconf 81' lang='lat' dir='ltr'>alternos</span> <span class='ocrx_word' id='word_1_137' title='bbox 318 2627 407 2660; x_wconf 90' lang='lat' dir='ltr'>musae</span> <span class='ocrx_word' id='word_1_138' title='bbox 419 2612 568 2662; x_wconf 88' lang='lat' dir='ltr'>meminisse</span> <span class='ocrx_word' id='word_1_139' title='bbox 579 2613 718 2660; x_wconf 74' lang='lat' dir='ltr'>uolebant.</span> 
     </span>
    </p>
   </div>
   <div class='ocr_carea' id='block_1_5' title="bbox 0 0 908 2956">
    <p class='ocr_par' dir='ltr' id='par_1_5' title="bbox 0 0 908 2956">
     <span class='ocr_line' id='line_1_26' title="bbox 0 0 908 2956; baseline 0 0"><span class='ocrx_word' id='word_1_140' title='bbox 0 0 908 2956; x_wconf 95' lang='lat' dir='ltr'> </span> 
     </span>
    </p>
   </div>
  </div>
 </body>
</html>
