1808 2956
59 153 121 199 244
299 159 326 197 1³.
343 157 463 197 VERGILI
483 154 613 195 MARONIS

129 331 206 380 quem
218 315 297 363 metui
311 311 453 361 moritura?
472 311 541 360 faces
554 312 581 359 in
595 317 680 359 cestre
693 313 816 363 tulissem

58 410 109 454 606
129 405 318 467 inplessemque
337 401 407 449 foros
419 400 529 449 flammis
547 407 688 461 natumque
707 408 858 465 patremque

130 507 188 542 cunr
195 505 289 554 genere
297 490 436 546 extinxem,
452 494 546 536 memet
558 502 634 550 super
645 487 704 550 ipsa
718 489 855 540 dedissem.

129 577 184 638 Sol,
200 579 243 642 qui
256 585 381 626 terrerum
392 577 502 624 flammis
516 591 596 638 opera
608 576 698 623 omnia
711 577 819 637 lustros,

129 675 208 730 tuque
221 667 312 714 herum
325 667 449 728 interpres
463 680 583 713 curarum
595 672 620 712 et
633 665 740 712 conscie
751 664 831 725 Iuno,

129 755 314 817 nocturnisque
327 753 423 801 Hecate
436 753 516 800 triviis
529 753 628 800 ululate
641 766 686 814 per
698 753 790 813 nrbes,

59 849 110 893 610
129 851 155 894 et
167 845 239 892 dirue
251 844 363 901 ultrices,
379 849 404 890 et
417 842 443 888 di
455 841 589 889 morientis
601 841 710 898 Elissae,

130 932 239 994 accipite
251 930 316 979 haec
328 930 498 992 meritumque
511 930 586 977 melis
600 928 725 977 advertite
738 943 838 980 numen

130 1027 155 1069 et
167 1026 268 1067 nostrus
282 1019 368 1066 sudite
381 1032 478 1080 preces.
506 1018 527 1065 si
541 1026 646 1079 tangere
659 1024 750 1079 portus

129 1107 264 1156 infandum
278 1114 356 1170 ceput
368 1122 398 1155 ac
411 1107 484 1154 terris
498 1107 594 1155 adnare
607 1112 737 1154 necessest

131 1195 205 1244 etsie
218 1194 271 1243 fate
282 1195 351 1243 Iovis
364 1202 483 1257 poscunt,
499 1194 541 1242 hic
554 1194 678 1242 terminus
691 1193 798 1243 haeret:

58 1289 109 1333 616
130 1290 157 1331 et
168 1282 238 1331 bello
252 1284 357 1332 audacis
370 1283 461 1346 populi
474 1288 579 1330 vexatus
593 1282 716 1341 eternis,

130 1371 223 1419 finibus
237 1371 353 1430 extorris,
370 1372 499 1433 conplexu
512 1371 613 1418 avolsus
626 1369 685 1428 Iuli,

130 1458 257 1507 auxilium
268 1459 380 1522 inploret
392 1459 528 1521 videatque
541 1458 649 1520 indigne
661 1473 768 1508 suorum

129 1547 301 1606 funere,'nec,
318 1562 376 1595 cum
388 1562 415 1595 se
428 1547 475 1595 sub
489 1548 559 1608 leges
572 1547 643 1609 pscis
656 1547 762 1609 iniquae

129 1635 271 1695 tradiderit,
287 1649 368 1697 regno
382 1641 427 1683 sut
439 1640 528 1697 optata
541 1635 598 1684 lnce
611 1634 719 1694 fruetur,

59 1727 110 1771 620
130 1724 175 1772 sed
189 1724 264 1772 cedet
277 1730 336 1772 ente
350 1724 418 1771 diem
430 1724 567 1785 medieque
580 1723 729 1771 inhumatus
747 1723 856 1774 harene.

129 1811 193 1860 haec
205 1827 306 1875 precor,
321 1812 389 1859 henc
401 1825 491 1859 vocem
503 1817 644 1860 extremam
657 1825 716 1860 cum
729 1815 859 1876 sanguine

429 1899 519 1946 fundo.

129 1995 184 2035 tum
195 2002 250 2047 vos,
265 2002 281 2035 o
294 1987 380 2050 Tyrii,
402 1988 507 2050 stirpem
520 1996 545 2036 et
556 2002 638 2049 genus
652 2002 728 2037 omne
743 1989 859 2040 futurum

130 2081 246 2125 exercete
259 2076 325 2123 odiis
339 2075 470 2138 cinerique
483 2076 547 2123 hsec
560 2076 653 2124 mittite
666 2083 755 2125 nostro

129 2176 244 2212 munere.
271 2162 358 2210 nullus
377 2177 450 2211 amor
468 2165 571 2227 populis
589 2179 637 2213 nec
650 2164 755 2214 foedere
768 2176 856 2217 sunto.

58 2254 109 2298 625
130 2251 247 2299 exon-iere
260 2250 354 2312 aliquis
368 2252 461 2299 nostris
475 2267 508 2300 ex
520 2253 621 2300 ossibus
633 2254 702 2301 ultor

129 2339 174 2401 qui
187 2339 243 2388 fece
255 2338 403 2386 Dardanios
416 2339 536 2402 ferroque
549 2355 657 2403 sequere
671 2342 788 2401 colonos,

128 2440 213 2485 nunc,
229 2427 306 2485 olim,
322 2441 486 2490 quocumque
499 2429 599 2477 dabunt
610 2444 638 2478 se
651 2436 768 2493 tempore
780 2433 856 2483 vires.

128 2512 207 2562 litora
219 2514 337 2563 litoribus
350 2517 488 2575 conusria,
504 2516 623 2566 fluctibus
636 2518 718 2568 undas

120 2600 252 2666 inprecor,
262 2619 338 2655 erma
343 2604 423 2655 armis
432 2622 439 2667 3
451 2601 862 2671 pugnent'tpsiqueneputesque?
