1808 2956
264 146 434 188 Gaoaelcoa
452 149 538 189 Lissa
555 151 597 189 111.
790 144 826 190 97

100 305 156 353 illic
170 305 262 353 clausa
273 311 361 352 tenent
373 304 482 352 stabulis
496 315 620 364 armenta,
637 321 722 369 neque
734 307 805 355 ullae

100 400 145 442 aut
156 391 255 441 herbae
267 406 359 454 campo
373 391 497 453 adparent
510 402 555 441 aut
568 394 659 443 arbore
672 396 785 453 frondes,

99 482 144 530 sed
157 481 228 530 iacet
240 480 378 542 aggeribus
391 481 472 528 niveis
484 481 602 529 informis
615 491 640 531 et
653 484 706 531 alto

48 575 79 618 55
99 577 169 618 terra
180 569 242 630 gelu
255 568 307 616 late
319 575 468 630 septemque
481 571 596 632 adsurgit
608 572 636 618 in
649 573 733 619 ulnas.

99 671 202 720 semper
214 656 306 714 hiems,
321 671 422 718 semper
435 658 561 719 spirantes
575 659 672 720 frigora
685 661 765 706 cauri.

98 754 155 794 tum
168 743 215 793 Sol
229 745 356 807 pallentes
368 743 438 792 haud
452 761 575 808 umquam
593 747 695 794 discutit
714 748 826 805 umbras,

98 848 148 882 nec
161 849 222 882 cum
234 832 349 881 invectus
366 833 439 894 equis
457 835 538 882 altum
559 835 621 896 petit
641 835 760 895 aethera,
782 851 829 884 uec

402 936 461 968 cum

98 1010 268 1074 praecipitem
281 1008 379 1058 Oceani
392 1009 470 1056 rubro
484 1010 546 1058 lavit
559 1026 605 1073 aeq
611 1026 671 1061 nore
685 1028 796 1069 currum,

48 1104 79 1148 50
100 1104 271 1147 concrescunt
282 1097 382 1145 subitae
396 1099 506 1145 currenti
520 1099 546 1145 in
560 1099 664 1148 flurnine
678 1110 786 1155 crustae,

99 1187 223 1249 undaque
235 1187 287 1234 iam
300 1193 373 1246 tergo
387 1185 494 1233 serratos
508 1188 616 1235 sustinet
630 1189 714 1245 orbes,

99 1274 370 1338 puppibusillaprius,
385 1275 481 1335 patulis
495 1289 563 1321 nunc
576 1275 679 1337 hospita
692 1276 828 1339 plaustris3

99 1377 212 1425 aeraque
226 1363 357 1410 dissiliunt
369 1362 445 1422 volgo
459 1371 592 1424 vestesque
605 1365 735 1425 rigescunt

99 1451 207 1499 indutae
221 1451 382 1512 caeduntque
395 1451 526 1498 securibus
540 1451 627 1498 umida
641 1452 699 1498 rina

48 1544 79 1588 65
100 1548 126 1588 et
139 1547 209 1588 totae
222 1539 333 1587 solidam
345 1539 371 1585 in
385 1539 496 1599 glaciem
508 1547 605 1586 vertere
619 1541 727 1588 lacunae

98 1628 224 1689 stiriaque
237 1627 337 1689 inpexis
351 1627 465 1674 induruit
479 1627 584 1674 horrida
597 1627 692 1673 barbis.

98 1717 200 1764 interea
212 1722 266 1762 teto
281 1729 332 1762 non
346 1715 424 1763 setius
438 1729 496 1763 aere
510 1715 625 1775 niaguit:

98 1805 232 1852 intereunt
244 1804 364 1866 pecudes,
380 1810 449 1850 stant
462 1803 616 1850 circumfusa
630 1803 728 1864 pruinis

98 1907 211 1954 corpora
223 1906 319 1952 magna
331 1891 409 1938 boum
423 1891 590 1952 confertoque
603 1891 708 1951 agmine
722 1891 787 1937 cerri

49 1985 79 2029 to
99 1987 204 2043 torpeat
216 1979 285 2027 mole
298 1993 364 2026 nova
377 1986 402 2026 et
414 1981 520 2026 summis
534 1979 576 2025 rix
589 1979 710 2026 cornibus
729 1986 825 2026 extant.

98 2069 147 2117 hos
161 2083 214 2116 non
229 2068 340 2115 inmissis
354 2066 470 2124 canibus,
486 2081 538 2114 non
552 2067 667 2114 cassibus
682 2067 740 2114 ullis

98 2157 257 2219 puniceaeve
270 2155 369 2216 agitant
381 2156 488 2216 pavidos
502 2154 639 2202 formidine
652 2155 756 2216 pinnae,

98 2245 144 2293 sed
158 2243 254 2291 frustra
267 2243 414 2306 oppositum
427 2244 557 2290 trruientcs
570 2251 675 2304 pectere
688 2251 802 2290 montem

99 2332 245 2382 comminus
259 2331 414 2379 obtruncant
426 2332 493 2379 serre
506 2332 668 2393 graviterque
682 2332 802 2379 rudentes

49 2425 79 2470 ts
100 2421 213 2470 caedunt
225 2428 251 2467 et
264 2433 359 2480 magno
373 2419 432 2466 laeti
447 2420 559 2467 clamore
572 2428 713 2481 reportant.

100 2510 150 2573 ipsi
163 2510 189 2556 in
204 2507 313 2556 defossis
326 2506 452 2568 specubus
466 2521 557 2554 secura
569 2507 615 2554 sub
630 2508 683 2554 alta

100 2598 155 2645 otia
169 2604 250 2658 agunt
263 2601 330 2642 terra
343 2603 516 2656 congestaque
530 2594 624 2641 robora
636 2602 754 2655 totasque

84 2679 208 2736 Vergilius.
655 2678 669 2724 ‘l
