<?xml version="1.0" encoding="UTF-8"?>
<!DOCTYPE html PUBLIC "-//W3C//DTD XHTML 1.0 Transitional//EN"
    "http://www.w3.org/TR/xhtml1/DTD/xhtml1-transitional.dtd">
<html xmlns="http://www.w3.org/1999/xhtml" xml:lang="en" lang="en">
 <head>
  <title>
</title>
<meta http-equiv="Content-Type" content="text/html;charset=utf-8" />
  <meta name='ocr-system' content='tesseract 3.04.00' />
  <meta name='ocr-capabilities' content='ocr_page ocr_carea ocr_par ocr_line ocrx_word'/>
</head>
<body>
  <div class='ocr_page' id='page_1' title='image "./pvergiliusmaro00virggoog/pvergiliusmaro00virggoog_0466.png"; bbox 0 0 1808 2956; ppageno 0'>
   <div class='ocr_carea' id='block_1_1' title="bbox 227 288 778 335">
    <p class='ocr_par' dir='ltr' id='par_1_1' title="bbox 227 288 778 335">
     <span class='ocr_line' id='line_1_1' title="bbox 227 288 778 335; baseline 0.002 -2"><span class='ocrx_word' id='word_1_1' title='bbox 227 294 375 334; x_wconf 82' lang='lat' dir='ltr'><strong>AENEIDOS</strong></span> <span class='ocrx_word' id='word_1_2' title='bbox 390 296 477 335; x_wconf 81' lang='lat' dir='ltr'>LIBER</span> <span class='ocrx_word' id='word_1_3' title='bbox 493 296 536 335; x_wconf 81' lang='lat' dir='ltr'>XI.</span> <span class='ocrx_word' id='word_1_4' title='bbox 554 294 555 297; x_wconf 66' lang='grc'>’</span> <span class='ocrx_word' id='word_1_5' title='bbox 718 288 778 334; x_wconf 82' lang='grc'>469</span> 
     </span>
    </p>
   </div>
   <div class='ocr_carea' id='block_1_2' title="bbox 55 451 679 514">
    <p class='ocr_par' dir='ltr' id='par_1_2' title="bbox 55 451 679 514">
     <span class='ocr_line' id='line_1_2' title="bbox 55 451 679 514; baseline 0.002 -17"><span class='ocrx_word' id='word_1_6' title='bbox 55 451 241 513; x_wconf 80' lang='lat' dir='ltr'>exploratores,</span> <span class='ocrx_word' id='word_1_7' title='bbox 258 452 373 513; x_wconf 90' lang='lat' dir='ltr'>equitum</span> <span class='ocrx_word' id='word_1_8' title='bbox 387 451 453 499; x_wconf 85' lang='lat' dir='ltr'>levia</span> <span class='ocrx_word' id='word_1_9' title='bbox 466 451 590 514; x_wconf 86' lang='lat' dir='ltr'>inprobus</span> <span class='ocrx_word' id='word_1_10' title='bbox 608 466 679 498; x_wconf 83' lang='lat' dir='ltr'>arma</span> 
     </span>
    </p>
   </div>
   <div class='ocr_carea' id='block_1_3' title="bbox 10 539 787 2810">
    <p class='ocr_par' dir='ltr' id='par_1_3' title="bbox 53 539 760 690">
     <span class='ocr_line' id='line_1_3' title="bbox 53 539 760 602; baseline 0.001 -16"><span class='ocrx_word' id='word_1_11' title='bbox 53 539 195 602; x_wconf 81' lang='lat' dir='ltr'><strong>praemisit,</strong></span> <span class='ocrx_word' id='word_1_12' title='bbox 211 546 346 602; x_wconf 80' lang='lat' dir='ltr'>quaterent</span> <span class='ocrx_word' id='word_1_13' title='bbox 360 554 480 602; x_wconf 82' lang='lat' dir='ltr'>campos3</span> <span class='ocrx_word' id='word_1_14' title='bbox 501 541 557 602; x_wconf 86' lang='lat' dir='ltr'>ipse</span> <span class='ocrx_word' id='word_1_15' title='bbox 570 540 651 587; x_wconf 87' lang='lat' dir='ltr'>ardua</span> <span class='ocrx_word' id='word_1_16' title='bbox 664 541 760 588; x_wconf 86' lang='lat' dir='ltr'>montis</span> 
     </span>
     <span class='ocr_line' id='line_1_4' title="bbox 54 627 718 690; baseline -0.003 -14"><span class='ocrx_word' id='word_1_17' title='bbox 54 643 101 690; x_wconf 87' lang='lat' dir='ltr'>per</span> <span class='ocrx_word' id='word_1_18' title='bbox 114 628 215 675; x_wconf 88' lang='lat' dir='ltr'>deserta</span> <span class='ocrx_word' id='word_1_19' title='bbox 227 628 288 688; x_wconf 84' lang='lat' dir='ltr'>ingo</span> <span class='ocrx_word' id='word_1_20' title='bbox 303 643 427 690; x_wconf 88' lang='lat' dir='ltr'>superans</span> <span class='ocrx_word' id='word_1_21' title='bbox 441 628 562 676; x_wconf 88' lang='lat' dir='ltr'>adventat</span> <span class='ocrx_word' id='word_1_22' title='bbox 574 629 606 676; x_wconf 87' lang='lat' dir='ltr'>ad</span> <span class='ocrx_word' id='word_1_23' title='bbox 621 627 718 676; x_wconf 90' lang='lat' dir='ltr'>urbem.</span> 
     </span>
    </p>

    <p class='ocr_par' dir='ltr' id='par_1_4' title="bbox 18 716 742 1132">
     <span class='ocr_line' id='line_1_5' title="bbox 18 716 660 778; baseline -0.005 -12"><span class='ocrx_word' id='word_1_24' title='bbox 18 723 33 766; x_wconf 89' lang='lat'>5</span> <span class='ocrx_word' id='word_1_25' title='bbox 55 716 123 763; x_wconf 86' lang='lat' dir='ltr'>furta</span> <span class='ocrx_word' id='word_1_26' title='bbox 136 731 200 778; x_wconf 89' lang='lat' dir='ltr'>paro</span> <span class='ocrx_word' id='word_1_27' title='bbox 214 716 275 764; x_wconf 90' lang='lat' dir='ltr'>belli</span> <span class='ocrx_word' id='word_1_28' title='bbox 289 731 404 764; x_wconf 88' lang='lat' dir='ltr'>convexo</span> <span class='ocrx_word' id='word_1_29' title='bbox 417 718 444 764; x_wconf 92' lang='lat' dir='ltr'>in</span> <span class='ocrx_word' id='word_1_30' title='bbox 458 717 558 764; x_wconf 77' lang='lat' dir='ltr'><strong>tramite</strong></span> <span class='ocrx_word' id='word_1_31' title='bbox 571 716 660 774; x_wconf 86' lang='lat' dir='ltr'>silvae,</span> 
     </span>
     <span class='ocr_line' id='line_1_6' title="bbox 54 804 624 852; baseline -0.002 -1"><span class='ocrx_word' id='word_1_32' title='bbox 54 811 83 851; x_wconf 88' lang='lat' dir='ltr'>ut</span> <span class='ocrx_word' id='word_1_33' title='bbox 96 804 176 851; x_wconf 87' lang='lat' dir='ltr'>bivias</span> <span class='ocrx_word' id='word_1_34' title='bbox 190 811 289 851; x_wconf 85' lang='lat' dir='ltr'>armato</span> <span class='ocrx_word' id='word_1_35' title='bbox 303 804 421 851; x_wconf 90' lang='lat' dir='ltr'>obsidam</span> <span class='ocrx_word' id='word_1_36' title='bbox 434 805 516 852; x_wconf 88' lang='lat' dir='ltr'>milite</span> <span class='ocrx_word' id='word_1_37' title='bbox 528 804 624 852; x_wconf 80' lang='lat' dir='ltr'><strong>fauces.</strong></span> 
     </span>
     <span class='ocr_line' id='line_1_7' title="bbox 55 892 712 954; baseline -0.002 -15"><span class='ocrx_word' id='word_1_38' title='bbox 55 901 82 939; x_wconf 93' lang='lat' dir='ltr'>tu</span> <span class='ocrx_word' id='word_1_39' title='bbox 96 892 258 954; x_wconf 84' lang='lat' dir='ltr'>Tyrrhenum</span> <span class='ocrx_word' id='word_1_40' title='bbox 271 893 383 954; x_wconf 84' lang='lat' dir='ltr'>equitem</span> <span class='ocrx_word' id='word_1_41' title='bbox 397 893 499 940; x_wconf 87' lang='lat' dir='ltr'>collatis</span> <span class='ocrx_word' id='word_1_42' title='bbox 513 893 602 954; x_wconf 84' lang='lat' dir='ltr'>excipe</span> <span class='ocrx_word' id='word_1_43' title='bbox 616 893 712 954; x_wconf 82' lang='lat' dir='ltr'>signis:</span> 
     </span>
     <span class='ocr_line' id='line_1_8' title="bbox 54 981 703 1044; baseline 0.002 -16"><span class='ocrx_word' id='word_1_44' title='bbox 54 989 139 1029; x_wconf 89' lang='lat' dir='ltr'>tecum</span> <span class='ocrx_word' id='word_1_45' title='bbox 152 995 211 1028; x_wconf 86' lang='lat' dir='ltr'>acer</span> <span class='ocrx_word' id='word_1_46' title='bbox 223 982 357 1044; x_wconf 85' lang='lat' dir='ltr'>Messapus</span> <span class='ocrx_word' id='word_1_47' title='bbox 371 982 419 1029; x_wconf 88' lang='lat' dir='ltr'>erit</span> <span class='ocrx_word' id='word_1_48' title='bbox 431 988 582 1043; x_wconf 86' lang='lat' dir='ltr'>turmaeque</span> <span class='ocrx_word' id='word_1_49' title='bbox 594 981 703 1029; x_wconf 87' lang='lat' dir='ltr'>Latinae</span> 
     </span>
     <span class='ocr_line' id='line_1_9' title="bbox 55 1062 742 1132; baseline 0 -16"><span class='ocrx_word' id='word_1_50' title='bbox 55 1069 208 1131; x_wconf 81' lang='lat' dir='ltr'>Tiburtique</span> <span class='ocrx_word' id='word_1_51' title='bbox 221 1085 328 1128; x_wconf 86' lang='lat' dir='ltr'>manus;</span> <span class='ocrx_word' id='word_1_52' title='bbox 349 1070 421 1117; x_wconf 91' lang='lat' dir='ltr'>ducis</span> <span class='ocrx_word' id='word_1_53' title='bbox 435 1076 460 1116; x_wconf 91' lang='lat' dir='ltr'>et</span> <span class='ocrx_word' id='word_1_54' title='bbox 472 1077 499 1116; x_wconf 90' lang='lat' dir='ltr'>tu</span> <span class='ocrx_word' id='word_1_55' title='bbox 514 1070 621 1132; x_wconf 86' lang='lat' dir='ltr'>concipe</span> <span class='ocrx_word' id='word_1_56' title='bbox 635 1062 742 1117; x_wconf 74' lang='lat' dir='ltr'>curam.³</span> 
     </span>
    </p>

    <p class='ocr_par' dir='ltr' id='par_1_5' title="bbox 10 1158 767 1574">
     <span class='ocr_line' id='line_1_10' title="bbox 10 1158 699 1220; baseline 0 -16"><span class='ocrx_word' id='word_1_57' title='bbox 10 1163 35 1206; x_wconf 81' lang='lat' dir='ltr'>to</span> <span class='ocrx_word' id='word_1_58' title='bbox 56 1158 92 1206; x_wconf 88' lang='lat' dir='ltr'>sic</span> <span class='ocrx_word' id='word_1_59' title='bbox 106 1158 142 1205; x_wconf 86' lang='lat' dir='ltr'>ait</span> <span class='ocrx_word' id='word_1_60' title='bbox 155 1165 180 1206; x_wconf 92' lang='lat' dir='ltr'>et</span> <span class='ocrx_word' id='word_1_61' title='bbox 191 1158 297 1220; x_wconf 87' lang='lat' dir='ltr'>paribus</span> <span class='ocrx_word' id='word_1_62' title='bbox 310 1158 458 1220; x_wconf 82' lang='lat' dir='ltr'>Messapum</span> <span class='ocrx_word' id='word_1_63' title='bbox 472 1158 498 1204; x_wconf 94' lang='lat' dir='ltr'>in</span> <span class='ocrx_word' id='word_1_64' title='bbox 512 1158 611 1220; x_wconf 88' lang='lat' dir='ltr'>proclia</span> <span class='ocrx_word' id='word_1_65' title='bbox 625 1158 699 1205; x_wconf 88' lang='lat' dir='ltr'>dictis</span> 
     </span>
     <span class='ocr_line' id='line_1_11' title="bbox 56 1245 710 1309; baseline 0.002 -18"><span class='ocrx_word' id='word_1_66' title='bbox 56 1245 173 1293; x_wconf 88' lang='lat' dir='ltr'>hortatur</span> <span class='ocrx_word' id='word_1_67' title='bbox 186 1247 322 1309; x_wconf 91' lang='lat' dir='ltr'>sociosque</span> <span class='ocrx_word' id='word_1_68' title='bbox 336 1247 412 1294; x_wconf 91' lang='lat' dir='ltr'>duces</span> <span class='ocrx_word' id='word_1_69' title='bbox 427 1254 452 1295; x_wconf 90' lang='lat' dir='ltr'>et</span> <span class='ocrx_word' id='word_1_70' title='bbox 464 1247 549 1309; x_wconf 86' lang='lat' dir='ltr'>pergit</span> <span class='ocrx_word' id='word_1_71' title='bbox 561 1247 587 1293; x_wconf 93' lang='lat' dir='ltr'>in</span> <span class='ocrx_word' id='word_1_72' title='bbox 601 1246 710 1293; x_wconf 87' lang='lat' dir='ltr'>hostem.</span> 
     </span>
     <span class='ocr_line' id='line_1_12' title="bbox 57 1334 700 1393; baseline 0.002 -14"><span class='ocrx_word' id='word_1_73' title='bbox 57 1339 95 1379; x_wconf 83' lang='lat' dir='ltr'>est</span> <span class='ocrx_word' id='word_1_74' title='bbox 108 1347 183 1380; x_wconf 93' lang='lat' dir='ltr'>eurvo</span> <span class='ocrx_word' id='word_1_75' title='bbox 196 1335 314 1382; x_wconf 84' lang='lat' dir='ltr'>anfractu</span> <span class='ocrx_word' id='word_1_76' title='bbox 326 1336 416 1393; x_wconf 86' lang='lat' dir='ltr'>valles,</span> <span class='ocrx_word' id='word_1_77' title='bbox 432 1335 604 1383; x_wconf 83' lang='lat' dir='ltr'>adcommoda</span> <span class='ocrx_word' id='word_1_78' title='bbox 617 1334 700 1381; x_wconf 85' lang='lat' dir='ltr'>lrandi</span> 
     </span>
     <span class='ocr_line' id='line_1_13' title="bbox 57 1422 767 1485; baseline 0.004 -19"><span class='ocrx_word' id='word_1_79' title='bbox 57 1433 237 1484; x_wconf 85' lang='lat' dir='ltr'>armorumque</span> <span class='ocrx_word' id='word_1_80' title='bbox 251 1423 327 1481; x_wconf 92' lang='lat' dir='ltr'>dolis,</span> <span class='ocrx_word' id='word_1_81' title='bbox 344 1439 422 1485; x_wconf 88' lang='lat' dir='ltr'>qnam</span> <span class='ocrx_word' id='word_1_82' title='bbox 436 1424 522 1471; x_wconf 89' lang='lat' dir='ltr'>densis</span> <span class='ocrx_word' id='word_1_83' title='bbox 536 1422 669 1471; x_wconf 87' lang='lat' dir='ltr'>frondibus</span> <span class='ocrx_word' id='word_1_84' title='bbox 684 1430 767 1470; x_wconf 90' lang='lat' dir='ltr'>atrum</span> 
     </span>
     <span class='ocr_line' id='line_1_14' title="bbox 56 1511 732 1574; baseline 0.006 -20"><span class='ocrx_word' id='word_1_85' title='bbox 56 1516 148 1569; x_wconf 84' lang='lat' dir='ltr'>urguet</span> <span class='ocrx_word' id='word_1_86' title='bbox 160 1511 289 1573; x_wconf 87' lang='lat' dir='ltr'>utrimque</span> <span class='ocrx_word' id='word_1_87' title='bbox 302 1513 378 1570; x_wconf 89' lang='lat' dir='ltr'>latus,</span> <span class='ocrx_word' id='word_1_88' title='bbox 394 1513 478 1560; x_wconf 89' lang='lat' dir='ltr'>tenuis</span> <span class='ocrx_word' id='word_1_89' title='bbox 492 1527 544 1574; x_wconf 92' lang='lat' dir='ltr'>quo</span> <span class='ocrx_word' id='word_1_90' title='bbox 558 1512 648 1559; x_wconf 88' lang='lat' dir='ltr'>semita</span> <span class='ocrx_word' id='word_1_91' title='bbox 662 1511 732 1558; x_wconf 90' lang='lat' dir='ltr'>ducit</span> 
     </span>
    </p>

    <p class='ocr_par' dir='ltr' id='par_1_6' title="bbox 10 1599 785 2010">
     <span class='ocr_line' id='line_1_15' title="bbox 10 1599 709 1661; baseline 0.004 -19"><span class='ocrx_word' id='word_1_92' title='bbox 10 1601 34 1644; x_wconf 72' lang='lat'>25</span> <span class='ocrx_word' id='word_1_93' title='bbox 56 1606 231 1660; x_wconf 82' lang='lat' dir='ltr'>angustaeque</span> <span class='ocrx_word' id='word_1_94' title='bbox 245 1599 330 1646; x_wconf 85' lang='lat' dir='ltr'>ferunt</span> <span class='ocrx_word' id='word_1_95' title='bbox 343 1599 429 1648; x_wconf 84' lang='lat' dir='ltr'>fauces</span> <span class='ocrx_word' id='word_1_96' title='bbox 443 1600 579 1661; x_wconf 89' lang='lat' dir='ltr'>aditusque</span> <span class='ocrx_word' id='word_1_97' title='bbox 592 1600 709 1660; x_wconf 86' lang='lat' dir='ltr'>maligni.</span> 
     </span>
     <span class='ocr_line' id='line_1_16' title="bbox 55 1685 785 1749; baseline 0.003 -19"><span class='ocrx_word' id='word_1_98' title='bbox 55 1685 123 1730; x_wconf 88' lang='lat' dir='ltr'>hanc</span> <span class='ocrx_word' id='word_1_99' title='bbox 136 1699 212 1747; x_wconf 91' lang='lat' dir='ltr'>super</span> <span class='ocrx_word' id='word_1_100' title='bbox 224 1686 252 1731; x_wconf 89' lang='lat' dir='ltr'>in</span> <span class='ocrx_word' id='word_1_101' title='bbox 264 1687 374 1748; x_wconf 86' lang='lat' dir='ltr'>speculis</span> <span class='ocrx_word' id='word_1_102' title='bbox 389 1702 540 1749; x_wconf 87' lang='lat' dir='ltr'>summoque</span> <span class='ocrx_word' id='word_1_103' title='bbox 550 1688 676 1736; x_wconf 83' lang='lat' dir='ltr'>invertiee</span> <span class='ocrx_word' id='word_1_104' title='bbox 688 1687 785 1734; x_wconf 87' lang='lat' dir='ltr'>montis</span> 
     </span>
     <span class='ocr_line' id='line_1_17' title="bbox 56 1772 607 1835; baseline 0.007 -18"><span class='ocrx_word' id='word_1_105' title='bbox 56 1772 176 1833; x_wconf 83' lang='lat' dir='ltr'>planities</span> <span class='ocrx_word' id='word_1_106' title='bbox 190 1773 280 1832; x_wconf 82' lang='lat' dir='ltr'>ignota</span> <span class='ocrx_word' id='word_1_107' title='bbox 293 1774 360 1821; x_wconf 86' lang='lat' dir='ltr'>iacet</span> <span class='ocrx_word' id='word_1_108' title='bbox 372 1775 471 1835; x_wconf 90' lang='lat' dir='ltr'>tutique</span> <span class='ocrx_word' id='word_1_109' title='bbox 484 1789 607 1831; x_wconf 86' lang='lat' dir='ltr'>recessus,</span> 
     </span>
     <span class='ocr_line' id='line_1_18' title="bbox 55 1860 677 1923; baseline 0.002 -16"><span class='ocrx_word' id='word_1_110' title='bbox 55 1874 100 1907; x_wconf 89' lang='lat' dir='ltr'>seu</span> <span class='ocrx_word' id='word_1_111' title='bbox 114 1860 204 1906; x_wconf 85' lang='lat' dir='ltr'>dextra</span> <span class='ocrx_word' id='word_1_112' title='bbox 216 1861 340 1922; x_wconf 85' lang='lat' dir='ltr'>laevaque</span> <span class='ocrx_word' id='word_1_113' title='bbox 353 1862 415 1909; x_wconf 85' lang='lat' dir='ltr'>velis</span> <span class='ocrx_word' id='word_1_114' title='bbox 430 1876 562 1909; x_wconf 88' lang='lat' dir='ltr'>occurrere</span> <span class='ocrx_word' id='word_1_115' title='bbox 576 1875 677 1923; x_wconf 79' lang='lat' dir='ltr'>pugnae</span> 
     </span>
     <span class='ocr_line' id='line_1_19' title="bbox 56 1948 656 2010; baseline -0.002 -16"><span class='ocrx_word' id='word_1_116' title='bbox 56 1948 108 1995; x_wconf 85' lang='lat' dir='ltr'>sive</span> <span class='ocrx_word' id='word_1_117' title='bbox 121 1948 216 1996; x_wconf 86' lang='lat' dir='ltr'>instare</span> <span class='ocrx_word' id='word_1_118' title='bbox 229 1949 297 2010; x_wconf 83' lang='lat' dir='ltr'>iugis</span> <span class='ocrx_word' id='word_1_119' title='bbox 311 1957 336 1997; x_wconf 91' lang='lat' dir='ltr'>et</span> <span class='ocrx_word' id='word_1_120' title='bbox 348 1949 459 2010; x_wconf 84' lang='lat' dir='ltr'>grandia</span> <span class='ocrx_word' id='word_1_121' title='bbox 471 1950 572 1996; x_wconf 87' lang='lat' dir='ltr'>volvere</span> <span class='ocrx_word' id='word_1_122' title='bbox 585 1963 656 1995; x_wconf 87' lang='lat' dir='ltr'>saxa.</span> 
     </span>
    </p>

    <p class='ocr_par' dir='ltr' id='par_1_7' title="bbox 10 2037 662 2187">
     <span class='ocr_line' id='line_1_20' title="bbox 10 2037 617 2098; baseline -0.002 -14"><span class='ocrx_word' id='word_1_123' title='bbox 10 2043 35 2084; x_wconf 71' lang='lat'>⁵0</span> <span class='ocrx_word' id='word_1_124' title='bbox 56 2037 106 2084; x_wconf 90' lang='lat' dir='ltr'>hue</span> <span class='ocrx_word' id='word_1_125' title='bbox 119 2037 218 2083; x_wconf 92' lang='lat' dir='ltr'>iuvenis</span> <span class='ocrx_word' id='word_1_126' title='bbox 232 2046 294 2085; x_wconf 92' lang='lat' dir='ltr'>nota</span> <span class='ocrx_word' id='word_1_127' title='bbox 306 2038 386 2086; x_wconf 80' lang='lat' dir='ltr'>fertur</span> <span class='ocrx_word' id='word_1_128' title='bbox 399 2038 505 2098; x_wconf 88' lang='lat' dir='ltr'>regione</span> <span class='ocrx_word' id='word_1_129' title='bbox 518 2037 617 2084; x_wconf 88' lang='lat' dir='ltr'>viarum</span> 
     </span>
     <span class='ocr_line' id='line_1_21' title="bbox 56 2125 662 2187; baseline -0.002 -15"><span class='ocrx_word' id='word_1_130' title='bbox 56 2125 216 2187; x_wconf 87' lang='lat' dir='ltr'>arripuitque</span> <span class='ocrx_word' id='word_1_131' title='bbox 230 2125 316 2173; x_wconf 87' lang='lat' dir='ltr'>locum</span> <span class='ocrx_word' id='word_1_132' title='bbox 329 2134 355 2174; x_wconf 88' lang='lat' dir='ltr'>et</span> <span class='ocrx_word' id='word_1_133' title='bbox 367 2127 437 2173; x_wconf 82' lang='lat' dir='ltr'>silvis</span> <span class='ocrx_word' id='word_1_134' title='bbox 450 2125 544 2173; x_wconf 88' lang='lat' dir='ltr'>insedit</span> <span class='ocrx_word' id='word_1_135' title='bbox 556 2125 662 2187; x_wconf 89' lang='lat' dir='ltr'>iniquis.</span> 
     </span>
    </p>

    <p class='ocr_par' dir='ltr' id='par_1_8' title="bbox 90 2212 695 2277">
     <span class='ocr_line' id='line_1_22' title="bbox 90 2212 695 2277; baseline 0 -17"><span class='ocrx_word' id='word_1_136' title='bbox 90 2214 214 2261; x_wconf 87' lang='lat' dir='ltr'>Velocem</span> <span class='ocrx_word' id='word_1_137' title='bbox 228 2214 325 2262; x_wconf 88' lang='lat' dir='ltr'>interea</span> <span class='ocrx_word' id='word_1_138' title='bbox 338 2215 436 2277; x_wconf 90' lang='lat' dir='ltr'>superis</span> <span class='ocrx_word' id='word_1_139' title='bbox 450 2215 477 2261; x_wconf 92' lang='lat' dir='ltr'>in</span> <span class='ocrx_word' id='word_1_140' title='bbox 491 2214 594 2262; x_wconf 87' lang='lat' dir='ltr'>sedibus</span> <span class='ocrx_word' id='word_1_141' title='bbox 609 2212 695 2275; x_wconf 84' lang='lat' dir='ltr'>Opim,</span> 
     </span>
    </p>

    <p class='ocr_par' dir='ltr' id='par_1_9' title="bbox 55 2302 686 2365">
     <span class='ocr_line' id='line_1_23' title="bbox 55 2302 686 2365; baseline 0.003 -17"><span class='ocrx_word' id='word_1_142' title='bbox 55 2316 134 2348; x_wconf 88' lang='lat' dir='ltr'>unam</span> <span class='ocrx_word' id='word_1_143' title='bbox 148 2318 180 2350; x_wconf 85' lang='lat' dir='ltr'>ex</span> <span class='ocrx_word' id='word_1_144' title='bbox 193 2302 335 2363; x_wconf 79' lang='lat' dir='ltr'>virginibus</span> <span class='ocrx_word' id='word_1_145' title='bbox 349 2304 425 2351; x_wconf 90' lang='lat' dir='ltr'>sociis</span> <span class='ocrx_word' id='word_1_146' title='bbox 438 2318 564 2365; x_wconf 87' lang='lat' dir='ltr'>sacraque</span> <span class='ocrx_word' id='word_1_147' title='bbox 577 2310 686 2360; x_wconf 84' lang='lat' dir='ltr'>caterva,</span> 
     </span>
    </p>

    <p class='ocr_par' dir='ltr' id='par_1_10' title="bbox 11 2390 630 2452">
     <span class='ocr_line' id='line_1_24' title="bbox 11 2390 630 2452; baseline 0.006 -18"><span class='ocrx_word' id='word_1_148' title='bbox 11 2399 13 2402; x_wconf 58' lang='lat'><em>⁴</em></span> <span class='ocrx_word' id='word_1_149' title='bbox 56 2391 230 2452; x_wconf 86' lang='lat' dir='ltr'>compellabat</span> <span class='ocrx_word' id='word_1_150' title='bbox 243 2398 268 2438; x_wconf 89' lang='lat' dir='ltr'>et</span> <span class='ocrx_word' id='word_1_151' title='bbox 281 2390 327 2438; x_wconf 90' lang='lat' dir='ltr'>has</span> <span class='ocrx_word' id='word_1_152' title='bbox 340 2392 418 2438; x_wconf 86' lang='lat' dir='ltr'>tristis</span> <span class='ocrx_word' id='word_1_153' title='bbox 432 2391 543 2439; x_wconf 80' lang='lat' dir='ltr'>Latonia</span> <span class='ocrx_word' id='word_1_154' title='bbox 556 2406 630 2438; x_wconf 85' lang='lat' dir='ltr'>voces</span> 
     </span>
    </p>

    <p class='ocr_par' dir='ltr' id='par_1_11' title="bbox 10 2470 787 2810">
     <span class='ocr_line' id='line_1_25' title="bbox 10 2470 761 2540; baseline 0.001 -15"><span class='ocrx_word' id='word_1_155' title='bbox 10 2482 35 2525; x_wconf 73' lang='lat'>35</span> <span class='ocrx_word' id='word_1_156' title='bbox 57 2491 100 2524; x_wconf 90' lang='lat' dir='ltr'>ore</span> <span class='ocrx_word' id='word_1_157' title='bbox 115 2477 200 2525; x_wconf 81' lang='lat' dir='ltr'>dabat.</span> <span class='ocrx_word' id='word_1_158' title='bbox 224 2470 352 2540; x_wconf 84' lang='lat' dir='ltr'>‘graditur</span> <span class='ocrx_word' id='word_1_159' title='bbox 365 2478 461 2527; x_wconf 91' lang='lat' dir='ltr'>bellum</span> <span class='ocrx_word' id='word_1_160' title='bbox 475 2480 507 2526; x_wconf 88' lang='lat' dir='ltr'>ad</span> <span class='ocrx_word' id='word_1_161' title='bbox 522 2481 625 2527; x_wconf 91' lang='lat' dir='ltr'>crudele</span> <span class='ocrx_word' id='word_1_162' title='bbox 639 2478 761 2538; x_wconf 84' lang='lat' dir='ltr'>Camilla,</span> 
     </span>
     <span class='ocr_line' id='line_1_26' title="bbox 56 2565 709 2630; baseline 0.008 -21"><span class='ocrx_word' id='word_1_163' title='bbox 56 2580 71 2610; x_wconf 96' lang='lat' dir='ltr'>o</span> <span class='ocrx_word' id='word_1_164' title='bbox 85 2565 166 2625; x_wconf 86' lang='lat' dir='ltr'>virgo,</span> <span class='ocrx_word' id='word_1_165' title='bbox 182 2575 207 2614; x_wconf 93' lang='lat' dir='ltr'>et</span> <span class='ocrx_word' id='word_1_166' title='bbox 220 2568 313 2615; x_wconf 89' lang='lat' dir='ltr'>nostris</span> <span class='ocrx_word' id='word_1_167' title='bbox 327 2567 485 2630; x_wconf 87' lang='lat' dir='ltr'>nequiquam</span> <span class='ocrx_word' id='word_1_168' title='bbox 499 2568 611 2630; x_wconf 83' lang='lat' dir='ltr'>cingitur</span> <span class='ocrx_word' id='word_1_169' title='bbox 624 2568 709 2626; x_wconf 85' lang='lat' dir='ltr'>armis,</span> 
     </span>
     <span class='ocr_line' id='line_1_27' title="bbox 56 2655 787 2718; baseline 0.001 -18"><span class='ocrx_word' id='word_1_170' title='bbox 56 2655 191 2702; x_wconf 83' lang='lat' dir='ltr'>caremihi</span> <span class='ocrx_word' id='word_1_171' title='bbox 205 2657 346 2704; x_wconf 86' lang='lat' dir='ltr'>antealius.</span> <span class='ocrx_word' id='word_1_172' title='bbox 373 2656 534 2718; x_wconf 89' lang='lat' dir='ltr'>nequeenim</span> <span class='ocrx_word' id='word_1_173' title='bbox 540 2657 787 2704; x_wconf 81' lang='lat' dir='ltr'>novosistellianue</span> 
     </span>
     <span class='ocr_line' id='line_1_28' title="bbox 55 2739 769 2810; baseline -0.004 -21"><span class='ocrx_word' id='word_1_174' title='bbox 55 2743 123 2790; x_wconf 84' lang='lat' dir='ltr'>venit</span> <span class='ocrx_word' id='word_1_175' title='bbox 136 2759 210 2791; x_wconf 85' lang='lat' dir='ltr'>amor</span> <span class='ocrx_word' id='word_1_176' title='bbox 221 2745 360 2810; x_wconf 88' lang='lat' dir='ltr'>subitaque</span> <span class='ocrx_word' id='word_1_177' title='bbox 374 2745 498 2794; x_wconf 85' lang='lat' dir='ltr'>animum</span> <span class='ocrx_word' id='word_1_178' title='bbox 509 2743 658 2792; x_wconf 75' lang='lat' dir='ltr'>duleed‘xne</span> <span class='ocrx_word' id='word_1_179' title='bbox 667 2739 769 2786; x_wconf 53' lang='lat' dir='ltr'>mom&amp;-</span> 
     </span>
    </p>
   </div>
   <div class='ocr_carea' id='block_1_4' title="bbox 0 64 908 2956">
    <p class='ocr_par' dir='ltr' id='par_1_12' title="bbox 0 64 908 2956">
     <span class='ocr_line' id='line_1_29' title="bbox 0 64 908 2956; baseline 0 1"><span class='ocrx_word' id='word_1_180' title='bbox 0 64 908 2956; x_wconf 95' lang='lat' dir='ltr'> </span> 
     </span>
    </p>
   </div>
  </div>
 </body>
</html>
