1808 2956
286 179 434 218 aaualuos
454 180 541 218 mauu
557 181 577 219 1.
772 169 827 216 137

103 337 167 386 hine
179 342 283 399 portum
295 335 359 397 petit
371 342 397 382 et
409 335 493 383 socios
505 336 615 398 partitur
627 337 653 383 in
667 335 766 395 omnis;

52 431 83 475 95
102 425 165 472 vina
177 424 260 472 bonus
274 438 340 486 quae
354 424 446 472 deinde
459 424 530 472 cadis
544 433 664 472 onerarat
675 425 781 473 Acestes

102 514 181 562 litore
193 513 328 561 Trinacrio
343 513 498 575 dederatque
512 513 664 561 abeuntibus
678 513 752 560 heros

103 602 196 650 dividit
208 609 233 649 et
247 602 320 650 dictis
333 601 474 650 maerentia
486 608 591 663 pectora
603 601 706 648 mulcet.

137 681 172 738 ‘0
186 690 250 738 socii
264 690 360 754 (neque
379 690 448 738 euim
465 690 548 751 ignari
568 705 655 737 sumus
675 695 733 736 ante
752 689 832 736 malo·

407 779 484 842 rum),

103 885 120 916 o
132 868 202 930 passi
215 869 342 930 graviora,
358 867 430 915 dabit
442 868 503 915 dous
517 869 557 915 his
570 882 673 930 quoque
687 869 771 913 linem.

52 961 83 1003 00
103 971 149 1004 vos
163 963 189 1004 et
201 955 347 1020 Scyllaeam
360 956 457 1004 rabiem
471 957 622 1018 penitusque
635 955 751 1003 sonantia

103 1045 212 1092 accestis
225 1046 355 1108 scopuloS‚
371 1060 415 1093 vos
429 1052 454 1093 et
468 1043 592 1107 Cyclopia
605 1059 669 1092 saxa

104 1134 219 1195 experti:
241 1141 357 1182 revocate
371 1135 470 1181 animos
484 1141 661 1197 maestumque
674 1135 791 1182 timorem

102 1221 212 1282 mittite;
232 1223 319 1270 forsan
334 1230 359 1270 et
371 1222 435 1270 haec
449 1222 511 1269 olim
524 1223 670 1271 meminisse
683 1224 788 1271 iuvabit.

102 1324 148 1372 per
161 1310 246 1358 varios
260 1326 343 1370 casua,
359 1326 405 1374 per
418 1318 456 1358 tot
469 1311 618 1358 discrimina
631 1326 716 1360 rerum

52 1401 83 1446 05
102 1399 232 1447 tendimus
245 1401 271 1446 in
284 1400 397 1458 Latium,
413 1400 485 1447 sedes
499 1400 541 1447 ubi
556 1400 608 1447 fata
622 1400 720 1462 quietus

103 1488 259 1548 ostendunt3
280 1489 334 1536 illic
347 1489 385 1536 fas
399 1503 479 1549 regna
491 1503 623 1550 resurgere
636 1489 738 1537 Troiae.

104 1575 193 1624 durate
208 1584 232 1624 et
244 1584 342 1625 vosmet
355 1577 429 1624 rebus
443 1584 540 1625 servate
552 1571 691 1625 secundis'

138 1664 215 1711 Talia
227 1679 289 1713 voce
302 1665 386 1724 refert,
403 1668 521 1728 curisque
534 1665 681 1726 ingentibus
695 1679 771 1726 aeger

102 1766 175 1814 spem
189 1754 258 1801 voltu
272 1754 390 1812 simulat,
411 1755 505 1816 premit
518 1754 598 1801 altum
612 1754 689 1801 corde
703 1753 827 1801 dolorem.

52 1845 82 1888 10
101 1841 140 1888 illi
155 1855 181 1888 sc
194 1843 306 1903 praedae
319 1843 458 1904 accingunt
471 1843 631 1905 dapibusque
645 1841 750 1889 futuris:

102 1936 206 1991 tergora
219 1931 347 1993 deripiunt
361 1932 437 1978 costis
451 1939 477 1979 et
488 1932 586 1980 viscera
598 1932 713 1989 nudant3

102 2032 162 2080 pars
175 2018 202 2064 in
216 2017 296 2066 frusta
308 2026 397 2067 secant
413 2020 565 2082 veribusque
583 2019 717 2067 trementia
734 2019 828 2080 ligunt3

102 2106 178 2154 litore
191 2121 256 2155 aena
269 2108 357 2156 locant
370 2109 413 2156 alii
427 2108 595 2170 flammasque
608 2109 761 2155 ministrant.

101 2202 157 2242 tum
169 2195 238 2243 victu
251 2204 372 2244 revocant
384 2197 448 2244 vires
462 2197 564 2259 ¹fusique
577 2213 622 2260 per
635 2197 742 2246 herbam

52 2288 80 2332 15
100 2284 234 2346 inplentur
246 2285 335 2333 veteris
349 2285 445 2334 Bacchi
459 2286 613 2348 pinguisque
626 2287 732 2334 ferinae.

101 2379 239 2434 postquam
264 2381 384 2436 exempta
409 2374 488 2422 fames
514 2375 596 2437 epulis
619 2389 773 2437 mensaeque
792 2388 829 2422 rc-

402 2471 496 2523 motae,

101 2550 209 2597 amissos
224 2551 303 2612 longo
316 2552 400 2600 socios
414 2567 536 2604 sermone
548 2555 701 2619 requirunt,

92 2650 215 2697 spemque
226 2646 380 2707 metumque
395 2644 467 2698 inter
483 2646 575 2711 dubii,
588 2645 747 2700 seuuiuere
757 2637 880 2715 credaut
