1808 2956
78 195 139 242 368
316 205 342 243 n.
360 202 481 242 vsaorm
498 201 629 240 Mapoura

75 366 128 408 400
147 367 262 417 ceduno,
278 361 299 407 si
313 359 409 407 bellare
423 373 498 421 paras
512 365 588 420 atque
602 358 667 406 haec
680 359 728 405 tibi
741 373 815 407 mens
828 365 867 416 est

147 448 273 511 quidquid
287 448 313 494 iu
327 454 381 496 arte
393 462 451 495 mea
462 461 568 510 possum
581 446 732 508 promittere
746 461 833 505 curae,

147 538 215 600 quod
229 537 284 585 lieri
298 537 365 584 ferro
378 536 508 598 liquidove
521 541 606 596 potest
618 535 726 593 electro,

147 633 272 687 quantum
279 625 351 686 ignes
365 625 518 685 animaeque
525 624 619 681 valent,
635 622 733 672 absiste
746 624 870 686 precando

146 714 241 762 viribus
255 713 400 761 indubitare
413 703 483 759 tuis.'
508 726 539 760 ea
551 711 629 759 verba
642 712 746 760 locutus

74 807 126 850 405
147 810 248 864 optatos
262 803 333 850 dedit
346 802 479 863 amplexus
492 800 676 862 placidumque
689 801 784 862 petivit

147 891 264 952 coniugis
277 889 377 937 infusus
390 889 489 950 gremio
503 903 548 951 per
560 888 676 936 membra
689 903 821 951 soporem.

180 979 245 1027 Inde
257 979 301 1027 ubi
314 979 399 1040 prima
412 977 484 1039 quies
501 977 586 1024 medio
600 977 651 1024 iam
671 979 756 1025 noctis
770 977 872 1026 abactae

146 1068 274 1116 curriculo
288 1066 556 1128 expuleratsomuum‚
573 1081 631 1113 cum
644 1065 742 1114 femina
753 1067 870 1129 primum,

146 1156 187 1204 cui
200 1156 311 1202 tolerare
325 1155 382 1201 colo
395 1154 474 1202 vitam
486 1155 609 1216 tenuique
621 1154 739 1202 Minerva

73 1249 126 1290 410
146 1243 295 1304 inpositum,
312 1243 424 1290 cinerem
437 1249 462 1291 et
475 1243 572 1305 sopitos
586 1242 694 1290 suscitat
706 1242 792 1304 ignes,

145 1338 248 1378 noctem
261 1331 359 1379 addens
367 1332 447 1393 operi,
463 1332 625 1393 famulasque
638 1331 671 1379 ed
685 1332 788 1380 lumina
798 1334 873 1394 longo

146 1425 248 1467 exercet
260 1433 350 1481 penso,
366 1426 464 1468 castum
477 1426 506 1466 ut
518 1434 617 1468 servare
631 1419 716 1467 cubile

146 1508 263 1569 coniugis
276 1516 302 1556 et
313 1509 395 1571 possit
407 1522 499 1570 parvos
513 1509 622 1556 educere
634 1513 725 1554 natos:

145 1596 215 1644 haud
229 1611 301 1645 secus
315 1597 461 1659 ignipotens
474 1611 522 1644 nec
535 1603 649 1659 tempore
662 1596 768 1657 segnior
780 1597 830 1646 illo

74 1691 125 1733 415
146 1686 269 1733 mollibus
282 1701 296 1734 e
309 1687 393 1734 stratis
407 1700 486 1748 opera
499 1686 531 1732 ad
545 1684 649 1732 fabrilia
660 1685 753 1745 surgit.

145 1774 232 1821 insula
245 1773 377 1822 Sicanium
390 1774 462 1821 iuxta
476 1774 541 1821 latus
555 1773 727 1834 Aeoliamque

147 1863 253 1923 erigitur
266 1862 387 1924 Liparen,
403 1862 561 1909 fumantibus
575 1863 656 1909 ardua
668 1862 748 1920 saxis,

147 1966 224 2012 quam
237 1950 323 1998 subter
336 1965 427 2012 specus
440 1958 465 1998 et
478 1949 621 2012 Cyclopum
634 1964 711 1998 exesa
724 1951 837 1999 caminis

147 2046 221 2086 antra
233 2041 350 2087 Aetnaea
363 2046 455 2086 tonent
466 2040 597 2101 validique
610 2039 747 2086 incudibus
761 2041 829 2088 ictus

74 2131 126 2174 420
146 2127 226 2174 auditi
240 2127 353 2174 referunt
365 2128 488 2188 gemitum
502 2128 663 2188 striduntque
677 2128 793 2176 cavernis

146 2215 279 2264 stricturae
293 2215 439 2277 Chalybum
452 2224 478 2263 et
490 2215 637 2263 fornacibus
651 2215 719 2277 ignis
731 2217 849 2274 anhelat,

145 2302 256 2350 Volcani
270 2304 361 2352 domus
375 2311 400 2352 et
412 2304 540 2353 Volcania
553 2305 658 2351 nomine
671 2304 757 2351 tellus.

145 2391 196 2439 hoc
209 2399 269 2440 tunc
281 2393 429 2454 ignipotens
443 2393 515 2441 caelo
530 2393 662 2440 descendit
674 2392 705 2438 ab
720 2393 783 2441 alto.

146 2480 241 2527 serrum
255 2481 408 2530 exercebant
420 2488 492 2528 vasto
507 2479 633 2542 Cyclopes
647 2481 673 2527 in
687 2488 772 2539 antro,

71 2573 123 2616 425
140 2568 307 2633 Brontesque
326 2566 498 2632 Steropesque
516 2576 542 2617 et
559 2569 643 2615 nudus
662 2568 779 2618 membra
795 2569 874 2632 Pyra-

451 2672 543 2709 emon.
