1808 2956
63 179 124 226 332
302 187 329 226 P.
346 186 467 225 i’unolnt
487 185 620 225 {ARONIS

168 343 239 391 Haec
252 343 295 390 ubi
309 344 377 390 dicta
390 342 470 399 dedit,
485 350 566 389 terras
578 341 713 389 horrenda
724 342 825 405 petisia

133 433 272 480 luctificam
284 431 388 479 Allecto
401 431 514 478 dirarum
528 430 560 476 ab
573 431 634 478 aede
647 430 759 478 dearum

62 526 113 568 325
132 521 291 583 infemisqne
304 521 354 567 ciet
367 518 488 576 tenebris,
504 518 545 566 eni
559 518 644 566 tristia
656 517 728 566 bella

132 609 238 670 iraeque
250 608 412 670 insidiaeque
425 615 450 655 et
464 607 573 654 crimina
584 607 665 652 noxia
679 606 764 654 cordi.

132 697 189 745 odit
200 705 225 744 et
238 697 292 758 ipse
305 703 379 756 pater
390 694 495 753 Pluton,
511 695 589 742 odere
601 707 706 742 sorores

132 784 272 832 Tartareae
285 790 442 830 monstrum:
463 790 501 830 tot
512 797 568 831 sese
580 782 656 830 vertit
667 783 697 829 ia
711 797 768 840 ora,

133 882 185 919 tam
198 886 290 919 saevae
302 871 390 927 iacies,
408 879 446 917 tot
458 871 569 933 pullulat
582 878 638 916 atra
651 871 777 918 colubris.

61 966 113 1008 ³30
133 975 211 1022 quam
224 959 291 1006 Iano
304 959 344 1006 his
357 959 426 1006 acuit
439 957 522 1006 verbis
535 973 566 1004 ac
579 957 642 1005 talia
655 956 735 1004 fatur.

131 1047 280 1095 ‘huncmihi
288 1048 320 1093 da
334 1047 476 1108 proprium.
486 1047 557 1106 uirgo
569 1044 725 1104 sataNocte‚
736 1046 853 1101 laborem,

133 1136 200 1182 hanc
213 1149 328 1196 operam,
344 1149 376 1181 ne
389 1143 477 1181 noster
489 1133 572 1180 honos
586 1132 727 1180 infractave
741 1135 817 1181 cedat

133 1223 203 1270 fama
215 1222 273 1269 loco
287 1235 337 1268 neu
351 1221 458 1268 conubis
472 1221 569 1268 ambire
582 1220 706 1268 Latinam

133 1309 272 1358 Aeneadae
285 1310 384 1370 possint
396 1309 506 1357 Italosve
520 1309 638 1356 obsidere
652 1308 726 1356 fiaes.

61 1404 112 1446 335
132 1405 159 1445 tu
173 1406 245 1459 potes
258 1397 395 1443 unanimos
409 1412 509 1445 armare
521 1398 548 1445 in
561 1397 662 1459 proelia
673 1396 767 1446 fratres

132 1493 210 1548 atque
223 1485 289 1532 odiis
303 1499 404 1533 versare
417 1486 518 1544 domos,
533 1493 561 1532 tu
573 1485 680 1533 verbera
692 1487 768 1535 tectis

132 1574 303 1635 funereasque
316 1573 410 1620 inferre
423 1573 500 1632 laces,
517 1574 562 1620 tibi
576 1574 683 1620 nomina
696 1575 781 1633 mille,

132 1663 204 1710 mille
217 1662 328 1709 nocendi
342 1671 418 1708 artes.
446 1661 585 1709 fecundum
598 1669 707 1710 concute
721 1671 820 1725 pectus,

133 1750 226 1798 dissice
240 1749 402 1812 conpositam
414 1764 514 1811 pacem,
530 1764 585 1797 sere
598 1750 708 1797 crimina
720 1750 802 1810 belli3

62 1843 113 1885 340
133 1853 205 1885 arma
217 1838 278 1885 velit
290 1846 432 1900 poscatque
444 1838 521 1885 simul
534 1838 669 1900 rapiatque
683 1831 822 1887 iuventus.²

167 1925 244 1974 Exim
257 1925 402 1987 Gorgoneis
416 1927 520 1974 Allecto
534 1926 629 1974 insecta
642 1928 749 1974 venenis

132 2014 259 2076 principio
273 2013 376 2061 Latiam
390 2021 415 2062 et
427 2014 563 2062 Laurentis
576 2021 644 2061 tecta
656 2017 760 2076 tyranni

133 2102 202 2150 celsa
214 2103 277 2164 petit
289 2102 448 2164 tacitumque
462 2103 563 2150 obsedit
575 2103 653 2150 limen
666 2102 790 2164 Amatae,

132 2205 209 2252 quam
222 2205 299 2253 super
312 2191 421 2238 adventu
428 2191 557 2238 Teucrum
563 2191 697 2253 Turnique
710 2191 858 2254 hymenaeis

61 2282 112 2324 345
132 2276 258 2326 femineae
271 2279 404 2326 ardentem
417 2292 545 2341 curaeque
557 2280 662 2341 iraeque
675 2282 833 2342 coquebant

132 2365 193 2414 huic
206 2368 255 2415 dea
268 2367 393 2415 caeruleis
406 2381 486 2414 unum
501 2368 532 2415 de
546 2367 658 2416 crinibus
671 2382 785 2429 anguem

133 2455 229 2502 conicit
240 2456 318 2517 inque
331 2455 416 2502 sinum
429 2456 582 2518 praecordia
595 2456 626 2503 ad
640 2456 733 2504 intima
745 2458 842 2517 subdit,

132 2557 184 2604 quo
192 2542 331 2590 furibunda
338 2544 444 2590 domum
455 2551 571 2591 monstro
579 2544 734 2606 permisceat
745 2561 857 2595 omnem.

118 2631 169 2681 illc
179 2632 251 2684 inter
263 2639 348 2684 vestes
362 2640 387 2684 et
399 2633 470 2683 levia
480 2640 593 2698 pectora
604 2632 697 2693 lapsus
