1808 2956
272 136 441 179 ononomon
462 139 549 178 LIBER
563 138 585 181 Ι.

97 293 219 341 dulcibus
232 293 259 340 in
272 295 370 355 stagnis
383 295 510 342 rimantur
522 303 596 358 prata
609 295 719 359 Caystri,

46 386 77 428 35
98 382 217 429 certatim
230 381 317 442 largos
330 383 425 430 umeris
437 383 572 432 infundere
585 400 665 443 rores,

98 485 169 518 nunc
182 476 260 532 caput
273 469 402 518 obiectare
415 471 494 530 fretis,
510 487 578 521 nunc
592 488 692 521 currere
705 474 732 520 in
743 475 826 522 undas

98 565 123 606 et
136 558 222 605 studio
235 558 364 605 incassum
377 559 464 606 videas
476 561 569 621 gestire
581 562 695 609 levandi.

97 653 153 693 turn
167 647 259 694 cornix
271 647 349 708 plena
361 647 475 709 pluviam
488 656 562 696 vocat
574 649 684 711 inproba
696 665 758 698 voce

98 742 123 782 et
136 735 194 781 sola
206 735 233 781 iu
247 735 316 782 sicca
328 749 416 782 secum
428 737 554 798 spatiatur
568 737 673 785 harena.

46 829 77 871 90
99 838 132 870 ue
144 830 273 870 nocturna
286 822 389 884 quidem
403 831 535 886 carpentes
549 839 630 886 pensa
642 826 744 886 puellae

99 912 229 960 nescivere
242 911 363 971 hiemem,
378 918 444 959 testa
457 927 515 959 cum
529 913 635 961 ardente
647 913 762 962 viderent

98 1000 242 1047 scintillare
255 1000 342 1046 oleum
355 1006 380 1047 et
393 1000 473 1061 putris
487 1016 651 1050 concrescere
663 1001 767 1064 fungos.

134 1087 188 1136 Nec
200 1088 286 1134 minus
300 1102 332 1135 ex
344 1087 420 1135 imbri
433 1089 501 1135 soles
515 1096 540 1136 et
552 1098 642 1151 aperta
654 1105 744 1139 serena

98 1166 251 1239 prospicere¹
259 1183 284 1224 et
298 1177 372 1224 certis
385 1177 480 1238 poteris
495 1191 649 1239 cognoscere
663 1179 758 1239 signis:

46 1270 77 1312 95
98 1279 161 1311 nam
174 1279 257 1326 neque
271 1272 325 1312 tum
337 1265 419 1312 stellis
433 1265 501 1312 acies
515 1265 626 1313 obtunsa
639 1267 738 1314 vidctur

99 1367 148 1400 nec
161 1352 246 1400 fratris
259 1353 338 1400 radiis
352 1352 467 1401 obnoxia
478 1369 581 1415 surgere
594 1354 678 1414 Luna,

99 1441 189 1489 tenuia
203 1456 250 1488 nec
263 1441 338 1489 lanae
351 1456 397 1509 per
410 1442 511 1490 caelum
523 1444 619 1490 vellera
632 1444 707 1501 ferri3

98 1543 152 1577 nou
165 1529 282 1590 tepidum
295 1530 328 1577 ad
341 1529 422 1577 solcm
436 1531 527 1592 pinnas
540 1531 568 1577 in
580 1531 656 1579 litore
669 1532 787 1594 pandunt

100 1618 211 1666 dilectae
220 1617 328 1664 Thetidi
342 1618 472 1680 alcyones,
488 1634 540 1666 nou
554 1634 598 1667 ore
611 1621 709 1667 solutos

48 1711 79 1753 00
99 1706 219 1754 inmundi
233 1707 371 1754 meminere
384 1721 442 1754 sues
455 1707 551 1755 iactare
564 1709 702 1769 maniplos.

99 1802 126 1842 at
145 1794 258 1842 nebulae
276 1795 358 1856 magis
377 1795 430 1842 ima
452 1803 542 1857 petunt
566 1810 708 1859 campoque
731 1810 827 1843 recum-

402 1883 473 1942 bunt,

99 1971 163 2018 solis
177 1978 203 2018 et
216 1986 336 2018 occasum
349 1986 453 2019 servans
468 1972 499 2019 de
513 1972 625 2019 culmine
638 1987 738 2019 summo

98 2059 260 2121 nequiquam
272 2075 342 2107 seros
356 2067 458 2108 exercet
470 2067 566 2108 noctua
579 2068 678 2107 cantus.

100 2147 209 2210 adparet
221 2147 321 2210 liquido
335 2148 452 2195 sublimis
465 2148 492 2194 in
511 2162 568 2195 aere
582 2147 658 2194 Nisus

47 2241 79 2282 05
100 2243 126 2284 et
139 2251 187 2298 pro
201 2251 329 2298 purpureo
344 2251 439 2298 poenas
454 2236 498 2284 dat
511 2233 599 2296 Scylla
611 2237 722 2298 capillo:

100 2339 265 2387 quacumque
276 2324 323 2371 illa
334 2325 415 2372 levem
428 2324 528 2385 fugiens
540 2331 610 2371 secat
621 2324 724 2372 aethera
732 2325 826 2386 pinnis,

99 2428 160 2461 ecce
174 2412 303 2470 inimicus,
320 2418 402 2470 atrox,
419 2427 513 2472 magno
527 2412 635 2459 stridore
648 2427 693 2473 per
706 2428 781 2460 aures

99 2501 247 2562 insequitur
259 2499 350 2559 Nisus;
371 2515 461 2562 quase
475 2501 523 2548 lert
536 2499 612 2546 Nisus
626 2501 658 2546 ad
673 2515 756 2558 auras,

99 2589 149 2637 illa
163 2589 247 2636 levem
259 2588 359 2650 lugiens
374 2589 467 2650 raptim
480 2594 550 2635 secat
562 2587 667 2635 aethera
679 2588 777 2649 pinnis,
