1808 2956
256 182 403 221 Aruernos
421 183 508 222 ursae
524 184 553 222 v.
741 175 799 223 259

30 346 56 388 l0
77 354 136 387 cum
148 353 224 387 saevo
238 353 251 386 e
264 340 372 400 scopulo
385 340 467 387 multa
479 340 521 387 vix
534 347 588 388 arte
602 341 724 400 revolsus,

76 427 176 475 arnissis
190 427 266 475 remis
280 434 357 489 atque
370 428 461 476 ordine
475 429 566 476 debilis
579 444 641 488 uno,

76 516 183 563 inrisam
196 516 251 563 sine
264 515 362 565 honore
376 523 457 565 ratem
471 516 605 579 Sergestus
619 518 719 579 agebat.

77 605 160 666 qualis
173 618 250 666 saepe
262 605 318 653 viae
331 606 472 667 deprensus
485 606 512 652 in
526 620 620 667 aggere
633 621 745 668 serpens,

77 706 153 740 aerea
166 707 243 754 quem
257 693 370 741 oblicum
382 701 439 742 rota
452 694 543 742 transit
556 701 600 741 aut
612 695 696 755 gravis
710 695 762 743 ictu

30 786 55 830 l5
76 781 230 828 seminecem
243 783 319 844 liquit
332 798 395 840 saxo
408 784 574 845 lacerumque
587 782 684 842 viator;

76 870 235 933 nequiquam
248 871 341 932 longos
354 871 455 933 fugiens
470 872 514 918 dat
527 886 635 933 corpore
648 877 739 931 tortus,

76 966 150 1021 parte
163 959 235 1006 ferox
249 961 393 1021 ardensque
407 961 489 1009 oculis
503 968 528 1008 et
540 960 616 1008 sibile
630 961 699 1008 colla

76 1049 170 1095 arduos
185 1049 314 1105 attollens,
329 1063 388 1109 pars
401 1050 506 1097 volnere
520 1050 613 1097 clauda
625 1055 736 1098 retentat

76 1137 209 1184 nixantem
225 1136 298 1183 nodis
311 1151 389 1198 seque
403 1137 429 1184 in
442 1154 490 1185 sua
502 1138 617 1186 membra
630 1139 785 1201 plicantem:

30 1231 56 1273 30
76 1225 121 1272 tali
136 1225 243 1285 remigio
257 1225 328 1272 navis
343 1239 370 1272 se
383 1226 457 1272 tarda
469 1225 603 1286 movebat3

76 1315 132 1361 vela
145 1314 206 1361 facit
218 1321 304 1361 tamen
318 1321 343 1362 et
355 1315 438 1376 plenis
452 1314 521 1361 subit
533 1315 600 1362 ostia
612 1316 683 1363 velis.

77 1401 226 1464 Sergestum
240 1403 340 1451 Aeneas
353 1403 481 1464 promisso
494 1418 600 1452 munere
614 1404 702 1462 donat,

77 1498 202 1539 servatam
217 1491 249 1538 ob
264 1505 355 1538 navem
368 1492 449 1539 lactus
463 1491 601 1553 sociosque
614 1493 742 1540 reductos.

77 1580 123 1627 olli
137 1594 209 1627 serva
222 1579 305 1637 datur,
321 1594 428 1641 operum
440 1579 510 1627 haud
524 1580 615 1641 ignara
627 1581 767 1639 Minervae,

30 1673 56 1717 35
78 1667 171 1716 Cressa
183 1683 277 1730 genus,
293 1668 406 1726 Pholoe,
426 1668 575 1730 geminique
588 1669 634 1715 sub
648 1669 726 1717 ubere
740 1669 802 1716 nati.

112 1756 168 1804 Hoc
182 1757 238 1818 pius
251 1757 353 1805 Aeneas
366 1757 445 1804 misso
460 1757 598 1805 certamine
611 1758 693 1805 tendit

76 1845 239 1907 gramineum
258 1845 285 1892 in
305 1834 439 1907 campum,
466 1859 542 1908 quern
562 1845 671 1894 collibus
691 1846 805 1909 undique

379 1935 461 1982 curvis

77 2022 216 2084 cingebant
228 2022 315 2080 silvae,
331 2023 467 2085 mediaque
479 2023 507 2070 in
520 2024 587 2072 valle
599 2024 692 2073 theatri

77 2112 160 2159 circus
174 2119 243 2171 erat3
265 2128 316 2174 quo
329 2127 357 2160 se
369 2112 456 2160 multis
470 2127 528 2160 cum
547 2112 650 2160 milibus
664 2113 739 2161 heros

30 2205 57 2248 lo
77 2215 200 2249 consessu
213 2200 326 2247 medium
340 2200 398 2247 tulit
411 2207 579 2263 extructoque
592 2203 695 2250 resedit.

77 2288 128 2346 hic,
145 2290 188 2351 qui
203 2289 267 2336 forte
280 2288 360 2336 velint
372 2288 463 2350 rapido
477 2291 632 2338 contendere
647 2305 731 2348 eursu,

77 2378 167 2424 invitat
180 2377 266 2438 pretiis
280 2377 380 2424 animos
394 2384 419 2425 et
430 2378 546 2440 praemia
561 2379 643 2440 ponit.

77 2467 192 2528 undique
205 2466 362 2514 conveniunt
373 2466 466 2514 Teucri
479 2464 715 2529 mixtique'Sieani,

77 2554 153 2602 Nisus
166 2562 192 2603 et
203 2555 330 2616 Euryalus
346 2555 434 2619 primi,

30 2647 50 2686 ’5
66 2641 196 2702 Euryalus
209 2643 296 2693 forma
309 2646 430 2712 insignis
442 2648 588 2712 viridique
596 2645 731 2742 iuusqms

622 2724 666 2772 Π
