1808 2956
80 165 138 212 188
316 175 341 213 r.
364 173 630 212 vuao1u1unaou1s

146 329 278 388 venimus3
299 329 340 377 hic
354 330 458 377 demum
471 330 587 378 collectis
602 329 720 377 omnibus
733 344 787 377 una

146 417 228 467 dehrit
240 424 265 465 et
277 417 383 466 comites
396 425 537 480 natumque
550 419 683 480 virumque
696 417 796 465 fefellit.

77 510 126 556 745
147 521 223 569 quem
241 521 294 554 non
311 506 425 555 incusavi
443 521 530 554 amens
549 507 736 568 hominumque
757 507 876 554 deorum·

447 609 506 657 que,

146 691 191 731 aut
204 683 265 746 quid
279 683 306 730 in
319 698 406 732 eversa
418 683 469 730 vidi
483 682 612 731 crudelius
625 683 706 731 urbe?

145 772 287 820 Ascanium
293 772 479 833 Anchisenque
487 778 586 834 patrem
593 771 758 834 Teucrosque
769 781 876 833 penates

146 860 299 909 commendo
313 860 389 908 sociis
403 866 428 907 et
441 874 518 907 curva
530 860 597 907 valle
610 861 732 919 recondo,

144 949 200 1011 ipse
213 948 303 996 urbem
316 956 403 1010 repeto
418 956 443 996 et
456 949 546 1009 cingor
559 947 717 1009 fulgentibus
732 949 818 995 armis.

76 1039 126 1086 750
147 1043 197 1084 stat
209 1051 283 1084 casus
296 1050 419 1084 renovare
432 1050 521 1083 omnes
535 1050 688 1098 omnemque
702 1037 791 1083 reverti

144 1139 190 1188 per
203 1124 309 1172 Troiam
322 1131 348 1172 et
360 1139 447 1171 rursus
461 1131 540 1187 eaput
552 1123 681 1172 obiectare
695 1124 807 1186 periclis.

144 1212 272 1275 principio
285 1227 372 1260 muros
386 1212 547 1274 obscuraque
560 1213 652 1260 limina
663 1221 762 1274 portae,

145 1315 197 1364 qua
209 1315 325 1362 gressum
339 1301 490 1359 extuleram,
506 1308 594 1362 repeto
608 1308 633 1348 et
645 1301 753 1361 vestigia
767 1311 834 1348 retro

145 1389 281 1437 observata
292 1404 388 1451 sequor
399 1404 445 1452 per
457 1396 560 1437 noctem
574 1397 599 1437 et
611 1389 708 1437 lumine
723 1389 812 1436 lustro,

75 1481 124 1528 755
145 1478 237 1525 horror
249 1477 345 1540 ubique
358 1477 454 1536 animo,
470 1478 546 1525 simul
560 1478 617 1540 ipsa
629 1477 734 1525 silentia
750 1486 854 1525 terrent.

144 1567 205 1614 inde
218 1567 333 1625 domum,
349 1565 370 1612 si
384 1565 449 1614 sorte
462 1567 563 1628 pedem,
579 1567 599 1614 si
614 1566 679 1614 forte
693 1566 799 1623 tulisset,

145 1670 186 1704 me
201 1656 293 1704 resero.
325 1655 459 1702 inruerant
469 1654 556 1702 Danai
569 1661 594 1702 et
607 1661 702 1702 tectum
714 1668 791 1701 omne
805 1662 875 1702 tone·

447 1742 517 1791 bant.

145 1831 216 1880 ilicet
228 1832 295 1894 ignis
309 1832 376 1879 edax
389 1846 490 1879 summa
503 1832 535 1879 ad
549 1830 652 1892 fastigia
664 1838 739 1878 vento

145 1919 263 1979 volvitur,
279 1926 422 1981 exuperant
434 1919 562 1978 flammae,
577 1919 639 1968 furit
651 1926 735 1966 aestus
744 1920 776 1966 ad
786 1935 872 1967 auras.

76 2011 126 2056 760
145 2008 258 2070 procedo
271 2015 296 2056 et
308 2008 404 2055 Priami
419 2008 492 2056 sedes
506 2022 643 2070 arcemque
656 2008 748 2055 reviso.

146 2102 171 2144 et
182 2095 234 2142 iam
247 2096 387 2158 porticibus
400 2096 487 2144 vacuis
500 2095 607 2144 Iunonis
621 2097 692 2158 asylo

145 2185 263 2232 custodes
277 2185 336 2233 lecti
349 2185 468 2232 Phoenix
481 2190 506 2232 et
519 2185 589 2232 dirus
602 2185 690 2233 Ulixes

145 2273 267 2335 praedam
281 2272 458 2321 adservabant.
487 2274 537 2321 huo
550 2273 663 2336 undiquc
677 2273 757 2320 Troia
769 2287 836 2334 gaza

144 2361 255 2409 incensis
270 2370 357 2424 erepta
371 2362 453 2422 adytis
466 2376 622 2424 mensaeque
636 2362 742 2410 deorum

75 2453 124 2498 765
145 2456 306 2512 crateresque
320 2464 383 2497 auro
397 2449 473 2497 solidi
487 2450 639 2513 captivaque
651 2451 726 2498 vestis

143 2537 301 2596 congeritur.
335 2539 409 2601 pueri
423 2544 448 2586 et
461 2539 568 2600 pavidae
582 2539 662 2600 longo
675 2538 766 2586 ordine
779 2547 875 2587 matres

120 2627 198 2666 stant
210 2624 321 2675 circum,
