1808 2956
344 319 451 358 CULEX.

78 477 144 524 alter
156 475 183 522 in
196 475 309 533 alterius,
325 476 429 537 iamque
443 482 572 523 aversatur
585 484 700 539 uterque,

77 565 159 626 impia
171 564 287 624 germani
300 571 389 610 manat
401 564 470 624 quod
484 564 609 624 sanguine
623 564 722 612 dextra.

78 652 153 711 eheu,
169 652 307 699 mutandus
321 667 462 713 numquam
476 651 564 699 labor!
586 650 688 701 auferor
703 655 771 702 ultra

77 742 104 789 in
119 742 218 789 diversa
232 741 323 801 magis,
341 741 462 788 distantia
475 740 566 787 limina
579 756 664 800 cerno,

43 837 59 878 0
78 830 206 877 Eridanus
220 830 370 888 tranandus,
387 844 450 890 agor
463 829 563 876 delatus
577 831 609 877 ad
623 831 728 878 undam.

79 918 155 966 obvia
167 917 332 980 Persephone
346 918 450 965 comites
463 917 584 965 heroidas
597 926 672 980 urget

79 1008 199 1054 adversas
212 1007 325 1069 perferre
339 1007 414 1053 faces.
442 1006 553 1053 Alcestis
567 1007 598 1054 ab
613 1008 682 1054 omni

79 1096 203 1142 inviolata
215 1102 289 1144 vacat
302 1110 372 1153 cura,
389 1094 458 1156 quod
472 1109 548 1142 saeva
563 1095 648 1143 mariti

80 1184 107 1231 in
122 1182 306 1232 Chalcodoniis
320 1184 424 1231 Admeti
438 1182 491 1231 fata
504 1190 636 1232 moratast.

45 1279 58 1321 5
80 1288 148 1330 ecce,
162 1273 245 1320 Ithaci
259 1273 372 1320 coniunx
386 1287 486 1334 semper
500 1272 576 1320 decus
589 1272 716 1329 Icariotis‚

78 1361 217 1409 femineum
230 1362 379 1424 incorrupta
392 1362 468 1408 decus
481 1367 576 1420 manet,
593 1367 618 1408 et
629 1361 720 1424 procul
734 1361 782 1408 illa

77 1450 153 1497 turba
165 1449 237 1497 ferox
250 1451 369 1497 iuvenum
382 1450 440 1497 telis
454 1451 557 1498 confixa
569 1465 715 1512 procorum.

79 1538 140 1600 quid
154 1539 248 1586 misera
259 1539 386 1600 Eurydice
400 1546 471 1586 tanto
485 1553 600 1587 macrore
614 1538 718 1586 recessit

78 1640 215 1687 poenaque
227 1633 357 1688 respectus
371 1635 396 1674 et
408 1643 477 1675 nune
489 1635 584 1685 manet,
596 1625 722 1688 Orpheus,
733 1625 759 1672 in
767 1624 808 1672 te?

44 1718 59 1759 0
80 1712 167 1758 audax
179 1713 224 1760 ille
238 1714 350 1774 quidem,
367 1717 409 1776 qui
424 1717 512 1763 mitem
527 1714 658 1764 Cerberon
671 1727 794 1778 umquam

80 1798 189 1846 credidit
201 1807 245 1846 aut
258 1801 304 1847 ulli
317 1801 384 1850 Ditis
398 1803 526 1865 placabile
542 1817 636 1851 numen

80 1902 126 1934 nec
140 1887 421 1948 timuitPhlegethonta
434 1891 559 1939 furentem
571 1891 719 1939 ardentibus
730 1888 805 1936 undis

79 1990 126 2023 nec
139 1981 238 2023 maesta
251 1975 356 2024 obtenta
369 1977 436 2025 Ditis
450 1978 578 2040 ferrugine
591 1994 671 2040 regna

79 2064 245 2126 defossasque
259 2064 348 2111 domos
362 2080 391 2113 ac
405 2066 514 2113 Tartara
526 2074 601 2114 nocte
615 2073 721 2115 cruenta

44 2160 57 2201 5
79 2154 162 2201 obsita
176 2168 222 2201 nec
236 2153 324 2202 faciles
337 2153 446 2201 Dictaeo
460 2154 544 2202 iudice
558 2156 639 2213 eadee,

78 2243 161 2290 iudice
176 2243 219 2304 qui
233 2243 299 2290 vitae
311 2249 370 2304 post
383 2249 491 2289 mortem
503 2242 617 2290 vindicat
630 2250 696 2290 acta.

78 2331 122 2379 sed
135 2332 250 2378 Fortuna
262 2333 349 2379 valens
363 2331 489 2378 audacem
503 2329 598 2378 fecerat
611 2338 679 2377 ante.

77 2420 129 2466 iam
142 2420 225 2481 rapidi
239 2427 363 2468 steterant
375 2433 463 2468 amnes
477 2425 502 2466 et
515 2418 589 2466 turba
603 2418 714 2466 ferarum

77 2506 174 2556 blanda
186 2523 248 2556 voce
262 2523 360 2571 sequax
373 2509 505 2570 regionem
517 2506 647 2554 insederat
661 2505 768 2568 Orphei,

44 2601 57 2643 t)
76 2595 179 2657 iamque
192 2596 271 2644 imam
285 2597 359 2644 viridi
373 2597 485 2644 radicem
498 2602 614 2643 moverat
626 2595 677 2644 alte

77 2698 185 2745 quercus
200 2685 278 2732 humo
294 2685 429 2748 [steterunt
439 2684 544 2748 amnes]
554 2685 818 2745 siluaeqneaonoma

70 2778 163 2832 sponte
175 2787 223 2822 sua
237 2781 330 2825 cantus
343 2777 490 2842 rapiebant
502 2775 608 2827 cortice
620 2782 719 2818 auara-
