1808 2956
430 183 515 220 COPA.

144 339 255 387 reddidit
268 346 383 402 optatam
396 347 494 388 mutato
509 353 616 402 corpore
629 339 706 386 vitam

143 427 253 489 fecitque
266 428 292 474 in
306 429 379 476 terris
392 428 534 478 haliaeetos
549 429 602 476 ales
615 435 643 475 ut
657 436 737 479 esset:

143 516 239 577 quippe
253 517 346 586 aquilis
360 531 460 579 semper
472 517 569 578 gaudet
582 517 644 564 deus
657 517 702 564 ille
716 517 837 566 coruscis.

73 610 123 650 530
143 603 202 651 huic
216 619 275 652 vero
289 606 406 663 miserae,
422 606 545 667 quoniam
559 605 681 652 damnata
694 605 800 653 deorum

142 693 238 740 iudicio
252 694 383 755 patrisque
397 702 421 740 et
435 694 551 754 coniugis
566 701 625 742 ante
638 693 735 751 fuisset,

142 781 227 828 infesti
241 782 362 843 adposuit
375 783 463 830 odium
476 783 579 830 crudele
592 782 714 844 parentis.

142 885 253 931 namque
268 877 294 916 ut
307 871 333 916 in
347 871 460 918 aetherio
474 872 607 932 signorum
617 871 714 918 lumine
724 875 866 932 praestans,

142 972 221 1004 unum
235 973 310 1020 quern
326 959 421 1020 duplici
436 959 568 1007 stellarum
581 959 664 1006 sidere
677 959 737 1017 vidi,

73 1051 121 1092 :335
142 1047 256 1108 scorpios
270 1047 376 1094 alternis
390 1047 488 1094 clarum
502 1048 574 1108 fugat
588 1047 695 1106 Oriona,

141 1136 177 1181 sic
191 1134 257 1181 inter
269 1150 324 1182 sesa
337 1135 415 1182 tristis
428 1135 569 1184 haliaeetos
583 1137 634 1184 iras

142 1231 166 1270 ct
179 1224 237 1271 ciris
252 1224 358 1270 memori
371 1232 473 1271 servant
486 1225 518 1272 ad
532 1226 636 1273 saccula
650 1225 711 1273 sato.

142 1327 303 1374 quacumque
316 1313 363 1361 illa
376 1313 456 1360 levem
470 1313 571 1374 fugiens
584 1320 655 1361 secat
667 1327 727 1360 aera
739 1311 839 1374 pennis,

142 1416 200 1448 ecce
213 1401 331 1449 inimicus
345 1409 418 1450 atrox
432 1417 527 1463 magno
541 1402 649 1449 stridore
662 1415 708 1464 per
721 1415 797 1448 auras

72 1493 122 1535 540
142 1490 286 1552 insequitur
298 1491 391 1548 Nisus3
407 1506 498 1552 quase
512 1490 560 1538 fert
572 1490 649 1537 Nisus
663 1490 694 1536 ad
710 1504 794 1546 auras,

141 1577 188 1623 illa
200 1578 281 1625 levem
295 1578 395 1638 fugiens
409 1579 501 1640 raptim
515 1587 585 1627 secat
598 1593 658 1625 aera
670 1577 770 1639 pennis.

382 2053 558 2103 COPA.

142 2194 215 2257 Copa
229 2196 340 2258 Syrisce,
357 2204 434 2257 caput
447 2194 525 2244 Graia
538 2196 657 2250 redimita
669 2197 777 2255 mitella,

176 2284 287 2347 crispum
301 2284 347 2331 sub
362 2286 460 2332 crotala
474 2285 550 2332 docta
563 2299 663 2332 movere
677 2286 753 2343 latus,

141 2372 212 2420 ebria
224 2372 326 2420 fumosa
339 2374 416 2421 saltat
429 2374 525 2421 lasciva
538 2373 653 2432 taberna,

176 2461 207 2507 ad
223 2461 336 2508 cubitum
350 2477 441 2509 raucos
455 2463 586 2510 excutiens
600 2464 723 2511 calamos.

106 2553 119 2595 5
136 2537 208 2610 ‘quid
223 2549 293 2596 iuvat
307 2550 401 2597 aestivo
416 2550 547 2600 defessum
557 2551 669 2614 puluere
681 2550 788 2595 curasan

169 2653 247 2699 qnam
260 2640 350 2702 potius
365 2641 447 2691 viduo
464 2641 634 2693 decubuisse
644 2633 731 2684 torol-
