1808 2956
59 199 96 246 tt
297 207 322 246 P.
340 206 461 245 vandum
480 204 611 243 nunonis

76 370 107 412 lo
127 370 216 426 captus
230 377 316 411 amore
330 364 406 424 leget,
422 369 447 410 te
460 368 572 419 nostrae,
588 361 666 418 Vare,
682 361 804 421 myricae,

124 459 251 500 tenemus
267 466 343 500 omne
357 457 446 507 cunet3
466 463 513 496 nec
526 448 633 495 Phoebo
646 449 744 509 gratior
757 450 837 497 ullast

124 556 203 604 qnam
216 540 264 587 sibi
279 554 345 602 quae
358 539 420 585 Vari
434 537 600 600 praescripsit
612 538 709 599 pagina
721 552 827 586 nomen.

158 629 269 689 Pergae,
285 628 408 675 Pierides.
438 625 557 674 Chromis
567 626 730 687 etMnasylos
739 626 765 672 in
778 634 850 673 antro

124 717 240 765 Silenum
253 718 326 779 pueri
339 731 430 764 somno
444 716 529 762 videre
542 715 677 773 iacentem,

74 811 104 853 15
124 805 242 853 inflatum
254 806 374 853 hesterno
387 818 473 862 venas,
490 810 517 850 ut
529 817 638 864 semper,
654 802 763 861 Iaceb03

124 901 192 942 serta
204 895 303 956 procul,
319 899 419 940 tantum
433 892 510 954 capiti
525 892 640 953 delapsa,
656 891 776 939 iacebant

124 990 149 1029 et
160 982 245 1043 gravis
259 981 345 1027 attrita
357 980 486 1042 pendebat
499 980 636 1027 cantharus
651 994 722 1026 ansa.

124 1070 237 1130 adgressi
252 1069 324 1129 (nam
338 1083 414 1130 saepe
427 1083 506 1116 senex
519 1083 563 1131 spe
577 1069 697 1116 carminis
712 1068 788 1115 ambo

123 1157 231 1219 luserat)
245 1157 354 1204 iniciunt
366 1157 427 1218 ipsis
442 1172 474 1206 ex
486 1158 590 1205 vincula
607 1158 687 1205 sertis.

71 1252 103 1293 ²0
123 1246 195 1293 addit
208 1259 235 1293 se
248 1246 345 1293 sociam
358 1246 506 1308 timidisque
520 1247 666 1309 supervenit
678 1246 770 1306 Aegle,

122 1335 215 1395 Aegle,
231 1334 354 1381 naiadum
368 1336 549 1396 pulcherrima,
566 1336 669 1396 iamque
682 1335 778 1381 videnti

123 1423 272 1484 sanguineis
285 1422 395 1471 frontem
408 1424 486 1472 moris
501 1432 526 1472 et
538 1433 654 1487 tempora
667 1423 758 1485 pingit.

124 1512 169 1559 ille
182 1511 270 1559 dolum
284 1512 369 1559 ridens
379 1502 443 1573 ‘quo
457 1513 559 1561 vincula
571 1502 697 1560 nectitisl’
716 1511 808 1572 inquit.

122 1590 222 1648 ‘solvite
235 1614 284 1658 me,
300 1601 387 1662 pueri3
402 1601 463 1648 satis
477 1608 515 1648 est
527 1601 641 1663 potuisse
654 1600 742 1647 videri.

73 1693 104 1735 25
125 1689 240 1736 carmina
253 1704 319 1750 quae
332 1691 407 1737 voltis
421 1689 584 1750 cognoscite;
606 1689 721 1735 carmina
734 1688 814 1745 vobis,

125 1776 185 1825 huic
198 1778 268 1825 aliud
282 1778 406 1826 mercedis
420 1768 486 1824 crit?
523 1777 599 1824 simul
612 1777 703 1838 incipit
716 1777 779 1838 ipse.

125 1871 179 1913 tum
192 1881 251 1913 vero
265 1866 291 1911 in
305 1879 440 1912 numerum
457 1864 601 1924 faunosque
619 1865 737 1924 l'erasque
755 1865 851 1911 videres

125 1955 223 2011 ludere,
239 1961 293 1999 tum
307 1953 403 2012 rigidas
416 1937 515 1998 motare
528 1950 663 1997 cacumina
675 1965 797 2010 qnercns3

125 2056 172 2090 nec
185 2047 285 2088 tantum
298 2037 404 2085 Phoebo
417 2036 514 2097 gaudet
526 2035 651 2082 Parnasia
663 2051 748 2096 rupes,

72 2135 105 2176 30
125 2143 173 2177 nec
192 2135 292 2175 tantum
305 2125 431 2185 Rhodope
444 2123 551 2170 miratur
568 2130 594 2170 et
605 2123 718 2169 Ismarus
733 2124 844 2187 Orphea.

124 2227 237 2276 namque
250 2213 360 2262 canebat
372 2211 408 2258 uti
422 2225 545 2273 magnum
559 2211 694 2274 perinane
709 2224 799 2262 coacta

124 2303 224 2351 semina
236 2308 412 2362 terrarumque
425 2301 578 2364 animaeque
591 2301 700 2349 marisve
713 2303 821 2352 fuissent

125 2397 151 2439 et
162 2390 253 2452 liquidi
268 2390 343 2438 simul
357 2391 441 2452 ignis3
461 2397 490 2437 nt
502 2390 541 2438 his
555 2391 663 2439 exordia
674 2391 763 2453 primis

125 2478 213 2527 omnia
226 2487 250 2527 et
263 2479 317 2542 ipse
330 2487 402 2528 tener
414 2480 504 2527 mundi
518 2481 675 2528 concreverit
688 2481 756 2528 orbis
767 2498 773 2540 3

72 2572 104 2614 35
124 2574 179 2615 tum
192 2568 284 2616 durare
296 2570 381 2616 solnm
394 2575 419 2617 et
432 2569 576 2617 discludere
588 2569 671 2618 Nerea
683 2577 763 2632 ponto

125 2657 237 2722 eoeperit
250 2665 369 2706 atrorum
384 2657 520 2722 paullatim
533 2671 632 2706 sumere
645 2658 754 2707 formas:
