<?xml version="1.0" encoding="UTF-8"?>
<!DOCTYPE html PUBLIC "-//W3C//DTD XHTML 1.0 Transitional//EN"
    "http://www.w3.org/TR/xhtml1/DTD/xhtml1-transitional.dtd">
<html xmlns="http://www.w3.org/1999/xhtml" xml:lang="en" lang="en">
 <head>
  <title>
</title>
<meta http-equiv="Content-Type" content="text/html;charset=utf-8" />
  <meta name='ocr-system' content='tesseract 3.04.00' />
  <meta name='ocr-capabilities' content='ocr_page ocr_carea ocr_par ocr_line ocrx_word'/>
</head>
<body>
  <div class='ocr_page' id='page_1' title='image "./pvergiliusmaro00virggoog/pvergiliusmaro00virggoog_0564.png"; bbox 0 0 1808 2956; ppageno 0'>
   <div class='ocr_carea' id='block_1_1' title="bbox 314 182 849 240">
    <p class='ocr_par' dir='ltr' id='par_1_1' title="bbox 314 182 849 240">
     <span class='ocr_line' id='line_1_1' title="bbox 314 182 849 240; baseline -0.011 0"><span class='ocrx_word' id='word_1_1' title='bbox 314 182 315 185; x_wconf 66' lang='grc'>’</span> <span class='ocrx_word' id='word_1_2' title='bbox 374 199 527 240; x_wconf 74' lang='lat' dir='ltr'>uenerunt.</span> <span class='ocrx_word' id='word_1_3' title='bbox 790 187 849 235; x_wconf 81' lang='lat'>573</span> 
     </span>
    </p>
   </div>
   <div class='ocr_carea' id='block_1_2' title="bbox 73 355 853 2622">
    <p class='ocr_par' dir='ltr' id='par_1_2' title="bbox 126 355 768 418">
     <span class='ocr_line' id='line_1_2' title="bbox 126 355 768 418; baseline -0.009 -10"><span class='ocrx_word' id='word_1_4' title='bbox 126 360 254 409; x_wconf 76' lang='lat' dir='ltr'><strong>contrahit</strong></span> <span class='ocrx_word' id='word_1_5' title='bbox 267 359 394 407; x_wconf 86' lang='lat' dir='ltr'>admixtos</span> <span class='ocrx_word' id='word_1_6' title='bbox 408 365 462 405; x_wconf 89' lang='lat' dir='ltr'>tum</span> <span class='ocrx_word' id='word_1_7' title='bbox 475 358 559 405; x_wconf 85' lang='lat' dir='ltr'>fontes</span> <span class='ocrx_word' id='word_1_8' title='bbox 570 361 649 418; x_wconf 73' lang='lat' dir='ltr'>&#39;atque</span> <span class='ocrx_word' id='word_1_9' title='bbox 663 355 768 414; x_wconf 81' lang='lat' dir='ltr'>farinas,</span> 
     </span>
    </p>

    <p class='ocr_par' dir='ltr' id='par_1_3' title="bbox 73 447 833 863">
     <span class='ocr_line' id='line_1_3' title="bbox 73 447 745 508; baseline -0.009 -11"><span class='ocrx_word' id='word_1_10' title='bbox 73 455 105 497; x_wconf 80' lang='lat'>45</span> <span class='ocrx_word' id='word_1_11' title='bbox 126 454 280 497; x_wconf 80' lang='lat' dir='ltr'>transversat</span> <span class='ocrx_word' id='word_1_12' title='bbox 293 448 384 495; x_wconf 89' lang='lat' dir='ltr'>durata</span> <span class='ocrx_word' id='word_1_13' title='bbox 396 461 474 494; x_wconf 89' lang='lat' dir='ltr'>manu</span> <span class='ocrx_word' id='word_1_14' title='bbox 489 447 642 508; x_wconf 90' lang='lat' dir='ltr'>liquidoque</span> <span class='ocrx_word' id='word_1_15' title='bbox 655 451 745 492; x_wconf 88' lang='lat' dir='ltr'>coacto</span> 
     </span>
     <span class='ocr_line' id='line_1_4' title="bbox 125 532 824 599; baseline -0.01 -14"><span class='ocrx_word' id='word_1_16' title='bbox 125 539 253 585; x_wconf 88' lang='lat' dir='ltr'>interdum</span> <span class='ocrx_word' id='word_1_17' title='bbox 265 551 371 599; x_wconf 86' lang='lat' dir='ltr'>grumos</span> <span class='ocrx_word' id='word_1_18' title='bbox 384 536 483 598; x_wconf 80' lang='lat' dir='ltr'><strong>spargit</strong></span> <span class='ocrx_word' id='word_1_19' title='bbox 495 536 558 594; x_wconf 83' lang='lat' dir='ltr'>sale,</span> <span class='ocrx_word' id='word_1_20' title='bbox 574 535 677 596; x_wconf 87' lang='lat' dir='ltr'>iamque</span> <span class='ocrx_word' id='word_1_21' title='bbox 690 532 824 580; x_wconf 87' lang='lat' dir='ltr'>subactum</span> 
     </span>
     <span class='ocr_line' id='line_1_5' title="bbox 126 603 833 688; baseline -0.011 -13"><span class='ocrx_word' id='word_1_22' title='bbox 126 628 193 675; x_wconf 86' lang='lat' dir='ltr'>levat</span> <span class='ocrx_word' id='word_1_23' title='bbox 206 641 270 688; x_wconf 92' lang='lat' dir='ltr'>opus</span> <span class='ocrx_word' id='word_1_24' title='bbox 284 625 428 688; x_wconf 87' lang='lat' dir='ltr'>palmisque</span> <span class='ocrx_word' id='word_1_25' title='bbox 442 638 517 671; x_wconf 91' lang='lat' dir='ltr'>suum</span> <span class='ocrx_word' id='word_1_26' title='bbox 530 624 622 671; x_wconf 86' lang='lat' dir='ltr'>dilatat</span> <span class='ocrx_word' id='word_1_27' title='bbox 635 623 661 668; x_wconf 93' lang='lat' dir='ltr'>in</span> <span class='ocrx_word' id='word_1_28' title='bbox 675 621 763 669; x_wconf 88' lang='lat' dir='ltr'>orbem</span> <span class='ocrx_word' id='word_1_29' title='bbox 826 603 833 615; x_wconf 53' lang='lat'>⁸</span> 
     </span>
     <span class='ocr_line' id='line_1_6' title="bbox 125 711 755 777; baseline -0.011 -14"><span class='ocrx_word' id='word_1_30' title='bbox 125 723 150 763; x_wconf 89' lang='lat' dir='ltr'>et</span> <span class='ocrx_word' id='word_1_31' title='bbox 163 723 236 764; x_wconf 87' lang='lat' dir='ltr'>notat</span> <span class='ocrx_word' id='word_1_32' title='bbox 247 714 369 777; x_wconf 76' lang='lat' dir='ltr'>inpressis</span> <span class='ocrx_word' id='word_1_33' title='bbox 383 727 466 774; x_wconf 91' lang='lat' dir='ltr'>aequo</span> <span class='ocrx_word' id='word_1_34' title='bbox 481 713 628 761; x_wconf 82' lang='lat' dir='ltr'>discrimine</span> <span class='ocrx_word' id='word_1_35' title='bbox 642 711 755 773; x_wconf 88' lang='lat' dir='ltr'>quadris.</span> 
     </span>
     <span class='ocr_line' id='line_1_7' title="bbox 125 800 774 863; baseline -0.009 -11"><span class='ocrx_word' id='word_1_36' title='bbox 125 805 201 852; x_wconf 87' lang='lat' dir='ltr'>infert</span> <span class='ocrx_word' id='word_1_37' title='bbox 213 805 274 851; x_wconf 88' lang='lat' dir='ltr'>inde</span> <span class='ocrx_word' id='word_1_38' title='bbox 287 803 345 850; x_wconf 86' lang='lat' dir='ltr'>foco</span> <span class='ocrx_word' id='word_1_39' title='bbox 359 800 481 863; x_wconf 87' lang='lat' dir='ltr'>(Scybale</span> <span class='ocrx_word' id='word_1_40' title='bbox 494 803 662 850; x_wconf 84' lang='lat' dir='ltr'>mundaverat</span> <span class='ocrx_word' id='word_1_41' title='bbox 675 806 774 862; x_wconf 60' lang='lat' dir='ltr'>aptum,</span> 
     </span>
    </p>

    <p class='ocr_par' dir='ltr' id='par_1_4' title="bbox 75 888 824 1308">
     <span class='ocr_line' id='line_1_8' title="bbox 75 888 821 953; baseline -0.007 -14"><span class='ocrx_word' id='word_1_42' title='bbox 75 898 107 939; x_wconf 88' lang='lat'>50</span> <span class='ocrx_word' id='word_1_43' title='bbox 126 900 185 940; x_wconf 89' lang='lat' dir='ltr'>ante</span> <span class='ocrx_word' id='word_1_44' title='bbox 198 891 296 953; x_wconf 87' lang='lat' dir='ltr'>locum)</span> <span class='ocrx_word' id='word_1_45' title='bbox 310 891 432 953; x_wconf 88' lang='lat' dir='ltr'>testisque</span> <span class='ocrx_word' id='word_1_46' title='bbox 444 891 516 952; x_wconf 83' lang='lat' dir='ltr'>tegit,</span> <span class='ocrx_word' id='word_1_47' title='bbox 531 905 608 953; x_wconf 89' lang='lat' dir='ltr'>super</span> <span class='ocrx_word' id='word_1_48' title='bbox 621 895 728 951; x_wconf 81' lang='lat' dir='ltr'><strong>aggerat</strong></span> <span class='ocrx_word' id='word_1_49' title='bbox 740 888 821 949; x_wconf 85' lang='lat' dir='ltr'>ignes.</span> 
     </span>
     <span class='ocr_line' id='line_1_9' title="bbox 127 978 822 1042; baseline -0.004 -15"><span class='ocrx_word' id='word_1_50' title='bbox 127 982 240 1042; x_wconf 90' lang='lat' dir='ltr'>dumque</span> <span class='ocrx_word' id='word_1_51' title='bbox 253 994 312 1026; x_wconf 87' lang='lat' dir='ltr'>suas</span> <span class='ocrx_word' id='word_1_52' title='bbox 325 979 426 1040; x_wconf 81' lang='lat' dir='ltr'>peragit</span> <span class='ocrx_word' id='word_1_53' title='bbox 438 978 571 1027; x_wconf 77' lang='lat' dir='ltr'>Vulcanus</span> <span class='ocrx_word' id='word_1_54' title='bbox 584 979 715 1040; x_wconf 82' lang='lat' dir='ltr'>Vestaque</span> <span class='ocrx_word' id='word_1_55' title='bbox 728 983 822 1040; x_wconf 89' lang='lat' dir='ltr'>partes,</span> 
     </span>
     <span class='ocr_line' id='line_1_10' title="bbox 127 1058 730 1130; baseline -0.003 -14"><span class='ocrx_word' id='word_1_56' title='bbox 127 1068 238 1130; x_wconf 81' lang='lat' dir='ltr'>Simylus</span> <span class='ocrx_word' id='word_1_57' title='bbox 251 1068 350 1116; x_wconf 88' lang='lat' dir='ltr'>interea</span> <span class='ocrx_word' id='word_1_58' title='bbox 362 1081 443 1114; x_wconf 86' lang='lat' dir='ltr'>vacua</span> <span class='ocrx_word' id='word_1_59' title='bbox 456 1058 605 1116; x_wconf 48' lang='lat' dir='ltr'>non&#39;oessat</span> <span class='ocrx_word' id='word_1_60' title='bbox 616 1068 643 1114; x_wconf 91' lang='lat' dir='ltr'>in</span> <span class='ocrx_word' id='word_1_61' title='bbox 656 1067 730 1126; x_wconf 80' lang='lat' dir='ltr'>hora,</span> 
     </span>
     <span class='ocr_line' id='line_1_11' title="bbox 126 1156 813 1218; baseline -0.003 -14"><span class='ocrx_word' id='word_1_62' title='bbox 126 1172 214 1205; x_wconf 89' lang='lat' dir='ltr'>verum</span> <span class='ocrx_word' id='word_1_63' title='bbox 226 1157 305 1205; x_wconf 88' lang='lat' dir='ltr'>aliam</span> <span class='ocrx_word' id='word_1_64' title='bbox 318 1156 365 1203; x_wconf 87' lang='lat' dir='ltr'>sibi</span> <span class='ocrx_word' id='word_1_65' title='bbox 380 1156 480 1218; x_wconf 86' lang='lat' dir='ltr'>quaerit</span> <span class='ocrx_word' id='word_1_66' title='bbox 492 1171 576 1218; x_wconf 87' lang='lat' dir='ltr'>opem,</span> <span class='ocrx_word' id='word_1_67' title='bbox 592 1171 642 1204; x_wconf 87' lang='lat' dir='ltr'>neu</span> <span class='ocrx_word' id='word_1_68' title='bbox 655 1157 713 1204; x_wconf 88' lang='lat' dir='ltr'>sela</span> <span class='ocrx_word' id='word_1_69' title='bbox 726 1157 813 1218; x_wconf 88' lang='lat' dir='ltr'>palato</span> 
     </span>
     <span class='ocr_line' id='line_1_12' title="bbox 127 1243 824 1308; baseline -0.004 -13"><span class='ocrx_word' id='word_1_70' title='bbox 127 1247 224 1295; x_wconf 89' lang='lat' dir='ltr'>sitnon</span> <span class='ocrx_word' id='word_1_71' title='bbox 237 1252 311 1308; x_wconf 85' lang='lat' dir='ltr'>grata</span> <span class='ocrx_word' id='word_1_72' title='bbox 327 1243 404 1293; x_wconf 85' lang='lat' dir='ltr'>Ceres</span> <span class='ocrx_word' id='word_1_73' title='bbox 418 1259 482 1306; x_wconf 88' lang='lat' dir='ltr'>quas</span> <span class='ocrx_word' id='word_1_74' title='bbox 495 1245 586 1307; x_wconf 89' lang='lat' dir='ltr'>iungat</span> <span class='ocrx_word' id='word_1_75' title='bbox 598 1252 731 1308; x_wconf 87' lang='lat' dir='ltr'>comparat</span> <span class='ocrx_word' id='word_1_76' title='bbox 744 1259 824 1293; x_wconf 86' lang='lat' dir='ltr'>escas.</span> 
     </span>
    </p>

    <p class='ocr_par' dir='ltr' id='par_1_5' title="bbox 75 1334 780 1751">
     <span class='ocr_line' id='line_1_13' title="bbox 75 1334 692 1397; baseline 0 -15"><span class='ocrx_word' id='word_1_77' title='bbox 75 1341 106 1382; x_wconf 89' lang='lat'>55</span> <span class='ocrx_word' id='word_1_78' title='bbox 127 1350 178 1383; x_wconf 94' lang='lat' dir='ltr'>non</span> <span class='ocrx_word' id='word_1_79' title='bbox 192 1336 231 1383; x_wconf 90' lang='lat' dir='ltr'>illi</span> <span class='ocrx_word' id='word_1_80' title='bbox 245 1349 369 1397; x_wconf 88' lang='lat' dir='ltr'>suspensa</span> <span class='ocrx_word' id='word_1_81' title='bbox 382 1334 469 1381; x_wconf 88' lang='lat' dir='ltr'>focum</span> <span class='ocrx_word' id='word_1_82' title='bbox 482 1335 599 1383; x_wconf 89' lang='lat' dir='ltr'>carnaria</span> <span class='ocrx_word' id='word_1_83' title='bbox 612 1335 692 1393; x_wconf 85' lang='lat' dir='ltr'>iuxta,</span> 
     </span>
     <span class='ocr_line' id='line_1_14' title="bbox 127 1423 735 1487; baseline -0.002 -16"><span class='ocrx_word' id='word_1_84' title='bbox 127 1425 211 1472; x_wconf 90' lang='lat' dir='ltr'>durati</span> <span class='ocrx_word' id='word_1_85' title='bbox 224 1425 278 1472; x_wconf 87' lang='lat' dir='ltr'>sale</span> <span class='ocrx_word' id='word_1_86' title='bbox 291 1431 364 1486; x_wconf 84' lang='lat' dir='ltr'>terga</span> <span class='ocrx_word' id='word_1_87' title='bbox 376 1423 429 1472; x_wconf 90' lang='lat' dir='ltr'>suis</span> <span class='ocrx_word' id='word_1_88' title='bbox 443 1424 585 1487; x_wconf 85' lang='lat' dir='ltr'>truncique,</span> <span class='ocrx_word' id='word_1_89' title='bbox 600 1423 735 1481; x_wconf 85' lang='lat' dir='ltr'>vacabant,</span> 
     </span>
     <span class='ocr_line' id='line_1_15' title="bbox 128 1513 737 1577; baseline -0.002 -18"><span class='ocrx_word' id='word_1_90' title='bbox 128 1514 247 1561; x_wconf 81' lang='lat' dir='ltr'>traiectus</span> <span class='ocrx_word' id='word_1_91' title='bbox 260 1514 373 1560; x_wconf 90' lang='lat' dir='ltr'>medium</span> <span class='ocrx_word' id='word_1_92' title='bbox 387 1523 474 1577; x_wconf 85' lang='lat' dir='ltr'>sparto</span> <span class='ocrx_word' id='word_1_93' title='bbox 486 1514 531 1562; x_wconf 88' lang='lat' dir='ltr'>sed</span> <span class='ocrx_word' id='word_1_94' title='bbox 545 1528 634 1562; x_wconf 86' lang='lat' dir='ltr'>caseus</span> <span class='ocrx_word' id='word_1_95' title='bbox 648 1513 737 1559; x_wconf 89' lang='lat' dir='ltr'>orbem</span> 
     </span>
     <span class='ocr_line' id='line_1_16' title="bbox 129 1600 704 1665; baseline -0.002 -18"><span class='ocrx_word' id='word_1_96' title='bbox 129 1608 154 1647; x_wconf 91' lang='lat' dir='ltr'>et</span> <span class='ocrx_word' id='word_1_97' title='bbox 165 1608 235 1648; x_wconf 90' lang='lat' dir='ltr'>vetus</span> <span class='ocrx_word' id='word_1_98' title='bbox 249 1601 363 1648; x_wconf 86' lang='lat' dir='ltr'>adstricti</span> <span class='ocrx_word' id='word_1_99' title='bbox 376 1602 453 1651; x_wconf 82' lang='lat' dir='ltr'>fascis</span> <span class='ocrx_word' id='word_1_100' title='bbox 466 1601 596 1665; x_wconf 86' lang='lat' dir='ltr'>pendebat</span> <span class='ocrx_word' id='word_1_101' title='bbox 609 1600 704 1648; x_wconf 89' lang='lat' dir='ltr'>anethi.</span> 
     </span>
     <span class='ocr_line' id='line_1_17' title="bbox 129 1687 780 1751; baseline 0.003 -17"><span class='ocrx_word' id='word_1_102' title='bbox 129 1702 190 1748; x_wconf 80' lang='lat' dir='ltr'>ergo</span> <span class='ocrx_word' id='word_1_103' title='bbox 204 1688 282 1734; x_wconf 90' lang='lat' dir='ltr'>aliam</span> <span class='ocrx_word' id='word_1_104' title='bbox 295 1689 400 1736; x_wconf 90' lang='lat' dir='ltr'>molitur</span> <span class='ocrx_word' id='word_1_105' title='bbox 413 1704 489 1751; x_wconf 87' lang='lat' dir='ltr'>opem</span> <span class='ocrx_word' id='word_1_106' title='bbox 501 1688 549 1737; x_wconf 84' lang='lat' dir='ltr'>sibi</span> <span class='ocrx_word' id='word_1_107' title='bbox 562 1688 682 1750; x_wconf 89' lang='lat' dir='ltr'>providus</span> <span class='ocrx_word' id='word_1_108' title='bbox 696 1687 780 1736; x_wconf 88' lang='lat' dir='ltr'>heros.</span> 
     </span>
    </p>

    <p class='ocr_par' dir='ltr' id='par_1_6' title="bbox 77 1775 853 2193">
     <span class='ocr_line' id='line_1_18' title="bbox 77 1775 853 1841; baseline 0.003 -17"><span class='ocrx_word' id='word_1_109' title='bbox 77 1781 109 1824; x_wconf 82' lang='lat'>60</span> <span class='ocrx_word' id='word_1_110' title='bbox 165 1775 260 1822; x_wconf 89' lang='lat' dir='ltr'>Hortus</span> <span class='ocrx_word' id='word_1_111' title='bbox 274 1782 328 1822; x_wconf 90' lang='lat' dir='ltr'>erat</span> <span class='ocrx_word' id='word_1_112' title='bbox 339 1776 442 1824; x_wconf 87' lang='lat' dir='ltr'>iunctus</span> <span class='ocrx_word' id='word_1_113' title='bbox 455 1777 567 1835; x_wconf 85' lang='lat' dir='ltr'>casulae,</span> <span class='ocrx_word' id='word_1_114' title='bbox 583 1777 762 1841; x_wconf 87' lang='lat' dir='ltr'>quemvimina</span> <span class='ocrx_word' id='word_1_115' title='bbox 770 1792 853 1840; x_wconf 87' lang='lat' dir='ltr'>pauca</span> 
     </span>
     <span class='ocr_line' id='line_1_19' title="bbox 130 1864 705 1924; baseline 0 -12"><span class='ocrx_word' id='word_1_116' title='bbox 130 1872 154 1912; x_wconf 87' lang='lat' dir='ltr'>et</span> <span class='ocrx_word' id='word_1_117' title='bbox 167 1864 267 1912; x_wconf 89' lang='lat' dir='ltr'>calamo</span> <span class='ocrx_word' id='word_1_118' title='bbox 281 1864 391 1911; x_wconf 89' lang='lat' dir='ltr'>rediviva</span> <span class='ocrx_word' id='word_1_119' title='bbox 405 1866 453 1913; x_wconf 91' lang='lat' dir='ltr'>levi</span> <span class='ocrx_word' id='word_1_120' title='bbox 467 1864 584 1912; x_wconf 88' lang='lat' dir='ltr'>munibat</span> <span class='ocrx_word' id='word_1_121' title='bbox 597 1866 705 1924; x_wconf 89' lang='lat' dir='ltr'>arundo,</span> 
     </span>
     <span class='ocr_line' id='line_1_20' title="bbox 130 1952 702 2014; baseline 0.002 -15"><span class='ocrx_word' id='word_1_122' title='bbox 130 1952 237 2013; x_wconf 82' lang='lat' dir='ltr'>exiguus</span> <span class='ocrx_word' id='word_1_123' title='bbox 251 1953 343 2014; x_wconf 88' lang='lat' dir='ltr'>spatio,</span> <span class='ocrx_word' id='word_1_124' title='bbox 358 1953 434 2001; x_wconf 85' lang='lat' dir='ltr'>variis</span> <span class='ocrx_word' id='word_1_125' title='bbox 447 1954 491 2002; x_wconf 88' lang='lat' dir='ltr'>sed</span> <span class='ocrx_word' id='word_1_126' title='bbox 505 1953 595 2001; x_wconf 86' lang='lat' dir='ltr'>fertilis</span> <span class='ocrx_word' id='word_1_127' title='bbox 609 1953 702 2001; x_wconf 74' lang='lat' dir='ltr'>herbis,</span> 
     </span>
     <span class='ocr_line' id='line_1_21' title="bbox 130 2041 717 2103; baseline 0.002 -16"><span class='ocrx_word' id='word_1_128' title='bbox 130 2042 166 2088; x_wconf 90' lang='lat' dir='ltr'>nil</span> <span class='ocrx_word' id='word_1_129' title='bbox 179 2041 218 2089; x_wconf 90' lang='lat' dir='ltr'>illi</span> <span class='ocrx_word' id='word_1_130' title='bbox 233 2041 320 2088; x_wconf 90' lang='lat' dir='ltr'>deerat</span> <span class='ocrx_word' id='word_1_131' title='bbox 333 2042 401 2102; x_wconf 93' lang='lat' dir='ltr'>quod</span> <span class='ocrx_word' id='word_1_132' title='bbox 416 2042 535 2103; x_wconf 89' lang='lat' dir='ltr'>pauperis</span> <span class='ocrx_word' id='word_1_133' title='bbox 549 2042 629 2102; x_wconf 86' lang='lat' dir='ltr'>exigit</span> <span class='ocrx_word' id='word_1_134' title='bbox 640 2056 717 2100; x_wconf 82' lang='lat' dir='ltr'>usus3</span> 
     </span>
     <span class='ocr_line' id='line_1_22' title="bbox 130 2129 752 2193; baseline -0.002 -17"><span class='ocrx_word' id='word_1_135' title='bbox 130 2130 257 2177; x_wconf 88' lang='lat' dir='ltr'>interdum</span> <span class='ocrx_word' id='word_1_136' title='bbox 271 2129 387 2191; x_wconf 83' lang='lat' dir='ltr'>locuples</span> <span class='ocrx_word' id='word_1_137' title='bbox 401 2146 416 2176; x_wconf 90' lang='lat' dir='ltr'>a</span> <span class='ocrx_word' id='word_1_138' title='bbox 429 2145 540 2193; x_wconf 88' lang='lat' dir='ltr'>paupere</span> <span class='ocrx_word' id='word_1_139' title='bbox 554 2131 628 2192; x_wconf 89' lang='lat' dir='ltr'>plura</span> <span class='ocrx_word' id='word_1_140' title='bbox 641 2129 752 2192; x_wconf 89' lang='lat' dir='ltr'>petebat.</span> 
     </span>
    </p>

    <p class='ocr_par' dir='ltr' id='par_1_7' title="bbox 78 2218 806 2622">
     <span class='ocr_line' id='line_1_23' title="bbox 78 2218 800 2281; baseline 0.003 -17"><span class='ocrx_word' id='word_1_141' title='bbox 78 2221 109 2264; x_wconf 90' lang='lat'>65</span> <span class='ocrx_word' id='word_1_142' title='bbox 130 2232 177 2265; x_wconf 89' lang='lat' dir='ltr'>neo</span> <span class='ocrx_word' id='word_1_143' title='bbox 190 2224 306 2279; x_wconf 90' lang='lat' dir='ltr'>sumptus</span> <span class='ocrx_word' id='word_1_144' title='bbox 320 2226 374 2265; x_wconf 90' lang='lat' dir='ltr'>erat</span> <span class='ocrx_word' id='word_1_145' title='bbox 386 2218 450 2266; x_wconf 88' lang='lat' dir='ltr'>illud</span> <span class='ocrx_word' id='word_1_146' title='bbox 465 2233 538 2281; x_wconf 89' lang='lat' dir='ltr'>opus,</span> <span class='ocrx_word' id='word_1_147' title='bbox 554 2219 598 2266; x_wconf 85' lang='lat' dir='ltr'>sed</span> <span class='ocrx_word' id='word_1_148' title='bbox 612 2218 702 2279; x_wconf 86' lang='lat' dir='ltr'>regula</span> <span class='ocrx_word' id='word_1_149' title='bbox 715 2231 800 2277; x_wconf 83' lang='lat' dir='ltr'>curae,</span> 
     </span>
     <span class='ocr_line' id='line_1_24' title="bbox 130 2306 770 2369; baseline 0.003 -17"><span class='ocrx_word' id='word_1_150' title='bbox 130 2306 151 2352; x_wconf 92' lang='lat' dir='ltr'>si</span> <span class='ocrx_word' id='word_1_151' title='bbox 165 2307 269 2367; x_wconf 88' lang='lat' dir='ltr'>quando</span> <span class='ocrx_word' id='word_1_152' title='bbox 282 2321 390 2354; x_wconf 86' lang='lat' dir='ltr'>vacuum</span> <span class='ocrx_word' id='word_1_153' title='bbox 404 2308 493 2355; x_wconf 90' lang='lat' dir='ltr'>casula</span> <span class='ocrx_word' id='word_1_154' title='bbox 505 2307 637 2369; x_wconf 85' lang='lat' dir='ltr'>pluviaeve</span> <span class='ocrx_word' id='word_1_155' title='bbox 650 2306 770 2354; x_wconf 85' lang='lat' dir='ltr'>tenebant</span> 
     </span>
     <span class='ocr_line' id='line_1_25' title="bbox 131 2394 723 2453; baseline 0 -12"><span class='ocrx_word' id='word_1_156' title='bbox 131 2394 225 2442; x_wconf 87' lang='lat' dir='ltr'>festave</span> <span class='ocrx_word' id='word_1_157' title='bbox 238 2395 292 2453; x_wconf 85' lang='lat' dir='ltr'>lux,</span> <span class='ocrx_word' id='word_1_158' title='bbox 309 2395 329 2442; x_wconf 93' lang='lat' dir='ltr'>si</span> <span class='ocrx_word' id='word_1_159' title='bbox 343 2395 408 2442; x_wconf 88' lang='lat' dir='ltr'>forte</span> <span class='ocrx_word' id='word_1_160' title='bbox 421 2395 496 2442; x_wconf 87' lang='lat' dir='ltr'>labor</span> <span class='ocrx_word' id='word_1_161' title='bbox 508 2395 625 2443; x_wconf 84' lang='lat' dir='ltr'>cessabat</span> <span class='ocrx_word' id='word_1_162' title='bbox 637 2395 723 2453; x_wconf 85' lang='lat' dir='ltr'>aratri,</span> 
     </span>
     <span class='ocr_line' id='line_1_26' title="bbox 131 2482 806 2546; baseline 0.001 -17"><span class='ocrx_word' id='word_1_163' title='bbox 131 2482 198 2529; x_wconf 91' lang='lat' dir='ltr'>horti</span> <span class='ocrx_word' id='word_1_164' title='bbox 212 2497 275 2545; x_wconf 94' lang='lat' dir='ltr'>opus</span> <span class='ocrx_word' id='word_1_165' title='bbox 288 2485 354 2531; x_wconf 87' lang='lat' dir='ltr'>illud</span> <span class='ocrx_word' id='word_1_166' title='bbox 368 2491 430 2532; x_wconf 88' lang='lat' dir='ltr'>erat.</span> <span class='ocrx_word' id='word_1_167' title='bbox 458 2484 541 2532; x_wconf 83' lang='lat' dir='ltr'>varias</span> <span class='ocrx_word' id='word_1_168' title='bbox 555 2484 691 2546; x_wconf 89' lang='lat' dir='ltr'>disponere</span> <span class='ocrx_word' id='word_1_169' title='bbox 704 2483 806 2545; x_wconf 85' lang='lat' dir='ltr'>plantas</span> 
     </span>
     <span class='ocr_line' id='line_1_27' title="bbox 131 2573 771 2622; baseline -0.011 -5"><span class='ocrx_word' id='word_1_170' title='bbox 131 2579 206 2618; x_wconf 91' lang='lat' dir='ltr'>norat</span> <span class='ocrx_word' id='word_1_171' title='bbox 219 2578 243 2619; x_wconf 88' lang='lat' dir='ltr'>et</span> <span class='ocrx_word' id='word_1_172' title='bbox 255 2573 372 2622; x_wconf 89' lang='lat' dir='ltr'>occultae</span> <span class='ocrx_word' id='word_1_173' title='bbox 386 2573 550 2622; x_wconf 84' lang='lat' dir='ltr'>committere</span> <span class='ocrx_word' id='word_1_174' title='bbox 561 2573 669 2621; x_wconf 70' lang='lat' dir='ltr'>semina</span> <span class='ocrx_word' id='word_1_175' title='bbox 677 2579 771 2616; x_wconf 70' lang='lat' dir='ltr'>tarrae</span> 
     </span>
    </p>
   </div>
   <div class='ocr_carea' id='block_1_3' title="bbox 72 2659 717 2729">
    <p class='ocr_par' dir='ltr' id='par_1_8' title="bbox 72 2659 717 2729">
     <span class='ocr_line' id='line_1_28' title="bbox 72 2659 717 2729; baseline -0.008 -25"><span class='ocrx_word' id='word_1_176' title='bbox 72 2662 104 2704; x_wconf 84' lang='lat'>70</span> <span class='ocrx_word' id='word_1_177' title='bbox 126 2659 277 2726; x_wconf 69' lang='lat' dir='ltr'>uicinosque</span> <span class='ocrx_word' id='word_1_178' title='bbox 290 2674 355 2729; x_wconf 84' lang='lat' dir='ltr'>apta</span> <span class='ocrx_word' id='word_1_179' title='bbox 368 2682 437 2716; x_wconf 88' lang='lat' dir='ltr'>cura</span> <span class='ocrx_word' id='word_1_180' title='bbox 448 2666 615 2715; x_wconf 73' lang='lat' dir='ltr'>submittere</span> <span class='ocrx_word' id='word_1_181' title='bbox 626 2661 717 2706; x_wconf 71' lang='lat' dir='ltr'>r&#39;xaos.</span> 
     </span>
    </p>
   </div>
   <div class='ocr_carea' id='block_1_4' title="bbox 0 0 916 2956">
    <p class='ocr_par' dir='ltr' id='par_1_9' title="bbox 0 0 916 2956">
     <span class='ocr_line' id='line_1_29' title="bbox 0 0 916 2956; baseline 0 0"><span class='ocrx_word' id='word_1_182' title='bbox 0 0 916 2956; x_wconf 95' lang='lat' dir='ltr'> </span> 
     </span>
    </p>
   </div>
  </div>
 </body>
</html>
