1808 2956
239 205 255 237 θ
291 175 439 213 Aruernos
457 176 544 213 arnan
561 176 603 213 rx.
788 166 847 212 385

121 333 271 391 vincantur;
285 331 367 394 prosit
378 331 472 378 nostris
485 330 512 378 in
525 331 655 378 montibus
669 322 757 378 ortas.'

122 421 189 469 filius
203 420 264 469 huic
277 431 375 478 contra,
391 427 494 481 torquet
508 420 551 480 qui
566 420 651 467 sidera
665 420 763 476 mundi,

117 499 144 556 ‘0
158 499 284 571 genetrix,
300 524 351 570 quo
365 509 419 556 fata
431 507 525 555 vocas?
539 514 583 554 aut
596 507 658 568 quid
672 508 737 570 petis
750 507 823 555 istis?

121 598 257 645 mortaline
269 612 348 645 manu
362 596 445 644 factae
457 596 594 643 inmortale
608 595 711 643 carinae

69 692 101 733 95
122 685 159 734 sas
173 686 285 733 habeant
298 692 432 746 certusque
445 684 544 732 incerta
556 683 671 746 pericula
684 683 775 731 lustret

121 773 242 822 Aeneas?
256 773 296 821 cui
310 779 381 820 tanta
395 773 443 820 deo
456 772 582 834 permissa
594 772 726 836 potestas?

123 863 202 909 immo
216 862 259 908 ubi
274 861 410 909 defunctae
424 862 500 910 tinem
513 870 653 925 portusque
667 859 790 909 tenebunt

122 950 252 997 Ausonios
266 950 337 1008 olim,
352 964 529 1013 quaecumque
543 950 651 998 evaserit
663 948 738 996 undis

122 1037 336 1099 Dardaniumque
349 1039 441 1087 ducem
454 1038 594 1086 Laurentia
607 1038 702 1085 vexerit
715 1051 783 1093 arva,

53 1133 102 1175 100
122 1126 259 1173 mortalem
272 1125 380 1188 eripiam
393 1126 503 1175 formam
516 1126 655 1188 magnique
668 1125 761 1173 iubebo

123 1214 243 1277 aequoris
256 1229 311 1263 asse
325 1215 395 1274 deas,
411 1215 495 1277 qualis
508 1214 602 1262 Nereia
614 1213 685 1261 Doto

122 1310 147 1351 et
161 1301 270 1352 Galatea
283 1310 372 1351 secant
383 1309 546 1364 spumantem
559 1309 662 1365 pectore
676 1293 803 1364 pontum.'

124 1392 232 1450 dixerat,
247 1392 326 1454 idque
339 1399 423 1439 ratum
436 1390 518 1453 Stygii
532 1405 577 1454 per
589 1390 696 1438 flumina
709 1389 802 1447 fratris,

124 1493 169 1540 per
182 1480 238 1540 pice
251 1480 369 1528 torrentis
383 1487 491 1542 atraque
504 1479 626 1541 voragine
640 1478 708 1540 ripas

55 1572 103 1615 105
124 1567 214 1614 adnuit
226 1576 251 1614 et
264 1575 345 1614 totum
358 1576 422 1615 nutu
435 1567 576 1616 tremefecit
589 1566 737 1628 Olympum.

160 1654 227 1714 Ergo
242 1655 330 1702 aderat
343 1657 470 1718 promissa
483 1657 537 1704 dies
551 1664 576 1704 et
588 1663 704 1717 tempora
718 1667 811 1715 parcae

125 1741 211 1790 debita
224 1742 383 1804 conpletum,
400 1759 458 1791 cum
470 1745 552 1792 Turni
565 1743 660 1791 iniuria
672 1742 782 1788 Matrem

124 1830 259 1878 admonuit
272 1830 369 1877 ratibus
382 1832 461 1879 sacris
476 1833 603 1895 depellere
617 1831 714 1879 taedas.

124 1920 166 1967 hic
179 1919 292 1981 primurn
305 1933 372 1966 nova
384 1918 430 1965 lux
444 1921 526 1967 oculis
540 1920 638 1968 offulsit
650 1928 675 1968 et
688 1919 779 1978 ingens

56 2015 104 2057 110
124 2009 191 2056 visus
205 2007 236 2054 ab
250 2008 353 2055 Aurora
368 2008 468 2055 caelum
482 2015 654 2055 transcurrere
666 2005 768 2054 nimbus

124 2097 247 2159 Idaeique
261 2096 332 2143 chori
343 2112 349 2154 3
364 2103 418 2143 tum
430 2111 481 2143 vox
494 2095 622 2142 horrenda
635 2109 680 2157 per
693 2108 768 2141 auras

124 2186 220 2234 excidit
234 2192 258 2233 et
270 2185 368 2232 Troum
381 2183 587 2243 Rutulorumque
600 2181 704 2243 agmina
718 2181 830 2242 conplet,

123 2274 164 2321 ‘ne
178 2274 304 2336 trepidate
317 2286 395 2332 meas,
411 2271 514 2329 Teucri,
531 2269 761 2325 defenderemus,

124 2375 188 2409 neve
201 2368 298 2410 armate
311 2375 419 2408 manus:
434 2360 516 2408 maria
529 2366 589 2406 ante
602 2372 708 2406 exurere
721 2357 810 2404 Turno

56 2455 104 2496 11ἵ)
126 2463 203 2511 qnam
216 2464 301 2498 sacras
315 2449 417 2497 dabitur
431 2449 515 2511 pinus.
543 2461 587 2494 vos
600 2447 635 2494 ite
648 2446 756 2501 solutae,

125 2536 159 2584 ite
173 2538 235 2585 deae
247 2537 333 2600 pelagi
344 2554 350 2595 3
365 2537 482 2598 genetrix
495 2522 585 2582 iubet'
603 2540 628 2582 et
640 2549 689 2580 sua
700 2545 824 2591 quaeque

125 2625 246 2672 continno
256 2639 358 2687 puppes
373 2625 538 2690 abrumpunt
549 2618 744 2679 truculentis

98 2704 221 2757 Vergilius.
685 2699 730 2744 Ἦ)
