1808 2956
77 168 136 214 ‘274
315 177 339 214 P.
358 175 477 213 ventum
495 173 626 213 Maeonis

76 338 126 381 660
146 332 310 381 conclamant
322 331 476 393 rapiuntque
490 330 553 378 focis
566 332 747 393 penetralibus
761 334 837 395 ignen

145 436 203 483 pars
217 420 329 482 spoliant
343 434 409 478 aras,
425 419 542 467 frondem
556 435 585 467 ac
599 421 712 481 virgulta
726 422 837 485 lucesqur

146 509 285 557 coniciunt.
313 508 374 555 surit
387 508 498 556 inmissis
512 508 644 556 Volcanus
657 508 770 557 habenis

146 607 256 647 transtra
268 612 315 661 per
327 604 351 644 et
364 611 448 644 remos
462 604 487 644 et
499 597 579 659 pietas
594 597 677 645 abiete
691 599 799 661 puppis.

146 688 250 735 nuntius
264 685 393 734 Anchisae
407 686 438 732 ud
453 685 580 732 tumulum
594 700 745 749 cuneosque
759 687 837 736 theetr

76 781 125 824 665
145 777 262 824 incensas
274 774 369 838 perfert
381 774 452 821 navis
465 774 587 822 Eumelus
601 781 626 822 ct
638 774 688 836 ipsi

146 865 286 928 respiciunt
298 870 381 911 atram
393 863 420 908 in
433 863 521 909 nimbo
535 863 641 910 volitare
656 863 784 912 favillam.

145 953 241 1016 primus
255 959 280 1001 et
291 951 428 1009 Ascanius,
445 966 532 999 cursus
546 959 574 998 ut.
586 952 667 999 luctus
682 960 817 1015 equestres

146 1042 263 1099 ducebat,
279 1040 316 1088 sic
329 1054 388 1087 acer
400 1055 467 1104 equo
480 1040 582 1088 turbata
595 1040 684 1102 petivit

146 1138 238 1188 cestre,
254 1144 302 1178 nec
315 1129 445 1176 exanimos
459 1136 567 1191 possunt
580 1128 688 1177 retinere
702 1131 831 1191 magistri.

76 1224 126 1269 670
142 1209 211 1282 ‘quis
224 1218 296 1266 furor
308 1218 355 1266 iste
369 1217 466 1265 novos?
485 1232 537 1279 quo
550 1232 627 1275 nunc,
644 1232 695 1279 quo
709 1210 825 1267 tenditis'

446 1306 509 1368 quit,

142 1385 204 1443 ‘heu
216 1394 324 1442 miserae
337 1394 420 1442 cives?
438 1409 491 1441 non
504 1393 603 1442 hostem
616 1394 777 1457 inimicaque
790 1411 838 1445 cos

145 1484 278 1545 Argivom,
293 1489 388 1530 vestras
402 1498 459 1546 spes
472 1483 554 1530 uritis.
582 1498 613 1531 en
628 1498 675 1544 ego
689 1490 773 1531 vester

144 1563 291 1620 Ascanius’
315 1572 418 1633 galeam
432 1572 581 1634 antepedes
595 1571 704 1633 proiecit
716 1571 832 1632 inanem,

145 1677 195 1724 que
209 1662 270 1709 ludo
283 1661 388 1709 indutus
401 1661 463 1708 belli
477 1661 615 1708 simulacra
629 1659 720 1707 ciebat.

75 1752 123 1798 675
145 1749 275 1797 adceleret
287 1750 363 1797 simul
376 1751 488 1807 Aeneas,
504 1749 579 1796 simul
594 1749 698 1810 agmina
711 1748 838 1798 Teucruu

144 1843 184 1886 est
195 1837 255 1886 illae
269 1839 368 1887 diversa
380 1844 450 1885 metu
463 1852 508 1899 per
521 1837 598 1885 litora
611 1836 707 1899 passim

145 1926 285 1989 diffugiunt
296 1927 424 1989 silvasque
437 1934 461 1974 et
474 1925 556 1974 sicubi
570 1939 683 1973 concava
696 1924 785 1974 furtim

144 2029 208 2062 saxa
219 2021 325 2077 petunt3
345 2015 416 2077 piget
428 2015 522 2077 incepti
536 2015 653 2076 lucisque
666 2028 779 2076 suosque

144 2110 257 2152 mutatae
271 2104 434 2165 adgnoscunt
446 2118 605 2165 excussaque
618 2110 721 2165 pectore
734 2103 836 2151 innost.

75 2195 125 2239 680
144 2192 188 2240 sed
202 2206 254 2239 non
268 2191 365 2240 idcirco
378 2193 496 2240 flammeo
510 2199 586 2254 atque
600 2191 721 2239 incendia
733 2191 800 2240 vires

144 2280 283 2330 indomitas
297 2295 422 2343 posucre3
443 2282 494 2329 udo
508 2280 554 2328 sub
569 2280 661 2328 robore
674 2281 734 2328 vivit

144 2375 238 2432 stuppa
250 2383 355 2417 vomens
368 2370 470 2416 tardum
484 2368 582 2416 fumum
597 2370 731 2431 lentusque
745 2370 837 2419 carina

144 2464 183 2505 est
194 2472 273 2521 vapor
286 2464 310 2505 et
323 2463 377 2504 toto
391 2457 523 2505 descendit
536 2473 642 2519 corpore
655 2458 733 2519 pestis

144 2559 192 2593 nec
204 2545 269 2593 vires
282 2545 391 2593 heroum
403 2545 540 2608 infusaque
553 2546 660 2592 flumina
672 2555 789 2607 prosunt.

59 2637 113 2680 685
133 2640 187 2683 tum
198 2635 262 2701 pius
275 2635 384 2688 Aeneas
397 2635 496 2686 umeris
510 2635 667 2685 abstinuere
677 2638 778 2679 restem
