1808 2956
268 148 437 189 unonelcon
455 149 542 189 LIBER
558 151 588 188 11.

98 307 208 356 rusticus
222 313 248 355 et
259 321 337 354 curvo
350 305 455 354 Saturni
469 307 546 354 dente
559 307 675 354 relictam

98 397 261 460 persequitur
273 396 350 444 vitem
364 396 500 443 attondens
514 395 639 458 fingitque
651 396 776 458 putando.

98 486 197 548 primns
210 483 318 532 humum
331 484 422 542 fodito,
439 485 536 546 primus
550 486 655 533 devecta
669 494 781 533 cremato

98 582 230 622 sarmenta
243 579 268 621 et
280 574 361 621 vallos
374 573 471 636 primns
485 573 532 621 sub
546 581 613 621 tecta
626 573 735 633 resert03

52 669 79 711 10
99 670 244 725 postremus
257 661 355 709 metito.
384 661 422 709 bis
436 662 528 709 vitibus
541 662 638 722 ingruit
652 662 751 720 umbra,

99 751 138 798 bis
151 758 265 813 segetem
279 751 364 798 densis
377 751 509 798 obducunt
521 750 635 799 sentibus
649 750 756 799 herbae:

100 841 179 888 durus
192 847 301 901 uterque
314 838 404 898 labor3
425 840 530 887 laudato
545 839 661 901 ingentia
674 854 742 898 ruru,

99 930 223 990 exiguom
236 928 324 976 colito.
352 943 399 975 ncc
414 943 465 975 non
479 929 557 976 etiam
570 943 661 990 aspera
674 929 741 977 rusci

98 1018 196 1065 vimina
209 1032 254 1080 per
266 1017 357 1064 silvanr
371 1025 396 1064 et
409 1017 469 1079 ripis
483 1018 592 1064 fluvialis
605 1017 723 1065 harundo

51 1113 79 1156 15
100 1107 217 1155 caeditur
229 1105 373 1168 incultique
386 1114 488 1154 exercet
501 1122 562 1154 cura
575 1107 668 1154 salicti.

99 1197 152 1243 iarn
165 1196 265 1242 vinctae
278 1194 350 1252 vites,
366 1195 419 1242 iam
432 1195 525 1243 falcem
539 1195 643 1243 arbusta
655 1203 792 1257 reponunt,

99 1286 153 1332 iam
167 1284 237 1333 canit
251 1283 354 1332 effectos
368 1291 496 1332 extremus
509 1285 603 1331 vinitor
616 1291 703 1331 antes:

100 1373 268 1422 sollicitanda
281 1379 368 1420 tumen
381 1373 457 1420 tellus
470 1374 605 1435 pulvisque
618 1374 759 1421 movendus

100 1471 125 1512 et
138 1463 191 1510 iam
204 1461 310 1509 maturis
324 1463 475 1509 metuendus
488 1461 604 1523 luppiter
617 1462 680 1509 uvis.

51 1558 80 1599 20
137 1549 237 1599 Contra
249 1564 303 1597 non
316 1550 370 1598 nlla
383 1557 421 1598 est
434 1551 498 1598 oleis
513 1551 622 1608 cultura,
638 1565 722 1613 neque
734 1551 796 1599 illac

100 1653 255 1702 procurvam
268 1646 405 1701 expectant
417 1638 509 1686 falcem
523 1647 669 1702 rastrosque
683 1648 795 1695 tenaceS,

100 1743 161 1776 cum
174 1728 254 1775 semel
268 1727 405 1775 haeserunt
418 1728 484 1774 arvis
498 1743 625 1790 aurasque
639 1729 767 1786 tulerunt3

99 1818 159 1880 ipsa
172 1816 233 1864 satis
248 1816 332 1874 tellus,
349 1831 407 1864 cum
421 1817 496 1865 dente
510 1817 651 1865 recluditur
663 1832 740 1874 unce,

100 1905 197 1954 sufficit
210 1920 325 1953 umorem
339 1913 364 1954 et
376 1905 504 1966 gravidas,
521 1921 579 1953 cum
592 1920 704 1963 vomere,
720 1905 805 1966 fruges

50 2000 79 2043 25
100 1995 152 2044 hoc
165 1994 288 2057 pinguem
302 2001 327 2042 et
339 1995 462 2057 placitam
475 1995 536 2042 Paci
551 1995 661 2042 nutritor
674 1995 777 2042 olivam.

136 2083 221 2131 Poma
239 2098 357 2145 quoqne,
379 2091 407 2130 ut
424 2083 535 2146 primurn
553 2091 657 2131 truncos
675 2098 776 2131 sensere
791 2098 832 2130 va-

405 2173 486 2220 lentes

101 2270 127 2310 ct
139 2262 206 2309 vires
219 2260 332 2309 habuere
345 2277 413 2319 suas,
430 2263 462 2308 ad
476 2261 560 2308 sidera
574 2261 667 2322 raptim

100 2351 125 2398 vi
139 2350 246 2413 propria
259 2350 376 2398 nituntur
388 2351 497 2413 opisque
510 2350 578 2397 haud
593 2350 682 2410 indiga
695 2357 806 2398 nostrae.

101 2454 151 2487 nec
165 2438 250 2486 minus
262 2439 361 2487 interea
373 2439 426 2487 sctu
440 2454 529 2486 nemus
544 2453 619 2486 omne
631 2439 758 2499 gravescit

50 2535 80 2577 30
101 2527 305 2590 sanguineisque
318 2528 417 2576 inculta
429 2527 523 2576 rubent
536 2527 631 2575 urriarin
645 2527 723 2576 bacis.

101 2617 245 2666 tondentur
258 2617 339 2678 cytisi,
356 2618 443 2665 taedas
457 2617 521 2665 silva
534 2617 587 2664 alta
599 2617 741 2674 ministret„
