1808 2956
62 175 73 220 t
86 171 120 217 13
298 177 323 218 n.
341 176 461 218 vaurum
481 176 612 217 aluums

58 344 109 386 305
129 338 179 386 lroe
192 336 289 399 geritur
301 336 417 398 zephyris
430 336 542 399 primum
559 335 745 398 inpellentibus
764 337 854 385 undas.

130 434 189 475 ante
202 426 274 473 novis
287 424 397 473 rubeant
410 440 488 488 quam
500 432 575 488 prata
588 424 728 483 coloribus,
746 435 805 474 arne

129 515 234 573 garrula
247 529 325 576 quam
338 514 416 574 tignis
427 513 517 560 nidum
530 513 672 575 suspendat
686 513 808 561 hirundo.

129 605 227 652 interea
240 603 332 651 teneris
346 602 485 665 tepefactus
498 602 525 649 in
539 601 639 649 ossibus
653 616 730 649 rruror

130 699 229 740 aestuat
242 698 267 739 et
279 691 384 739 visenda
397 691 480 738 modis
494 690 619 739 animalia
631 691 713 749 miris,

59 787 110 829 310
131 789 221 829 tronea
233 780 328 842 pedum
341 779 433 841 primo,
449 794 510 826 mox
523 786 549 827 et
560 779 695 826 stridentia
708 780 804 843 pimus.

129 870 268 917 miscentur
281 875 434 929 tenuemque
448 868 530 927 tnagis
544 867 627 927 magis
642 883 703 916 aera
716 879 835 932 carpunt.

132 958 213 1005 donee
227 965 255 1003 ut
268 957 369 1004 aestivis
384 956 478 1004 effusus
492 955 603 1003 nubilms
617 956 699 1004 imber

131 1060 237 1107 erupere
250 1053 294 1091 aut
306 1054 335 1090 ut
348 1059 425 1092 nervo
439 1046 557 1106 pulsante
570 1045 688 1104 sagittae,

130 1133 214 1195 prima
226 1132 292 1179 leves
306 1132 396 1178 ineunt
408 1131 535 1193 siquando
549 1133 649 1194 proelia
662 1132 762 1180 Parthi.

61 1226 110 1269 315
167 1219 230 1279 Quis
245 1220 306 1267 deus
324 1220 405 1277 hane,
426 1235 527 1277 musae,
548 1220 605 1282 quis
618 1219 693 1267 nobis
708 1221 808 1269 extudit
821 1238 858 1270 ur·

431 1310 498 1356 tem?

131 1396 199 1444 uude
212 1411 279 1444 nova
291 1396 420 1457 ingressus
434 1397 567 1444 hominum
580 1397 740 1459 experientia
753 1398 838 1460 cepit?

130 1491 218 1548 pastor
230 1484 363 1533 Aristaeus
376 1486 477 1547 fugiens
491 1485 587 1533 Peneia
600 1485 707 1548 Tempe,

130 1573 239 1633 amissis,
255 1580 283 1620 ut
296 1573 373 1632 sama,
389 1575 480 1636 apibus
494 1574 636 1636 morboque
649 1574 779 1638 fameque,

130 1662 208 1710 tristis
222 1663 254 1710 ad
268 1663 375 1711 extremi
388 1678 490 1710 suerum
503 1670 580 1725 caput
593 1663 692 1710 adstitit
705 1665 798 1721 amuis,

60 1758 111 1800 :tao
131 1752 213 1799 multa
226 1766 334 1813 ‹prerens
348 1759 426 1813 utque
438 1751 487 1799 hae
501 1751 602 1798 adfatus
615 1766 677 1800 voce
691 1760 833 1815 pareutem.

126 1831 228 1898 ‘maten
245 1837 343 1902 Cyrene
357 1848 446 1898 mater,
463 1855 529 1902 quae
541 1840 650 1901 gratuitis
664 1840 741 1889 huius

130 1930 183 1978 ima
195 1937 275 1987 tenes,
292 1928 354 1991 quid
368 1943 408 1976 rue
421 1930 556 1991 praeclara
568 1929 646 1991 stirpe
659 1929 768 1977 deorum

131 2018 164 2081 (si
183 2019 274 2076 modo,
295 2033 372 2080 quem
390 2017 522 2080 perhibes,
542 2025 615 2078 pater
632 2024 670 2066 est
682 2017 858 2081 Thymbraeus

432 2104 541 2166 Apollo)

132 2196 242 2244 iruu'sum
255 2194 314 2243 satis
327 2193 457 2256 genuisti?
477 2200 522 2241 aut
534 2209 585 2256 quo
600 2195 645 2242 tibi
660 2197 741 2243 nostri

60 2291 111 2333 ³25
131 2286 220 2349 pulsus
234 2284 324 2332 amor?
344 2283 405 2345 quid
419 2299 459 2330 me
473 2283 574 2331 caelum
586 2298 689 2346 sperare
702 2284 826 2334 iubebas?

132 2389 164 2423 en
177 2374 254 2422 etiam
267 2371 337 2420 hune
350 2371 435 2434 ipsum
448 2372 515 2420 vitae
528 2372 644 2420 mortalis
658 2372 794 2432 honorem,

132 2477 208 2527 quem
221 2462 284 2510 mihi
298 2461 341 2508 vix
353 2460 456 2522 frugum
468 2468 494 2509 et
504 2460 631 2523 pecudum
643 2463 762 2511 custodia
771 2463 859 2511 sollers

132 2553 220 2600 omnia
232 2549 367 2614 temptanti
381 2549 523 2607 extuderat,
539 2556 564 2597 te
576 2556 658 2598 matre
671 2551 800 2615 relinquo.

116 2640 182 2704 quin
196 2656 248 2705 age
262 2648 290 2691 et
300 2641 362 2706 ipsa
375 2654 459 2690 manu
470 2639 562 2690 leliees
574 2652 638 2687 erue
648 2638 739 2693 siluas,
