1808 2956
271 167 440 208 GEORGICON
457 169 544 209 Llnnn
558 169 598 209 IV·
772 161 829 208 109

67 326 90 370 65
105 325 175 388 ipsee
188 325 325 373 consident
336 325 470 374 medicatis
483 325 594 384 sedibus,
609 325 681 388 ipsae

10 419 29 450 P!
105 414 197 462 intime
208 427 280 461 more
293 428 340 461 suo
353 428 409 462 sese
422 414 448 461 in
462 414 591 462 cunabula
604 415 724 462 condent.

139 501 186 550 Sin
200 508 287 550 sutem
300 502 332 550 ad
346 517 461 564 pugnam
474 503 583 550 exierint
600 501 673 563 (nam
691 518 768 565 saepe
787 504 832 551 du·

407 591 471 638 obus

105 678 208 740 regibus
221 678 326 726 incessit
338 693 434 740 magno
448 679 577 727 discordia
590 685 677 737 motu,

105 766 281 829 continuoque
294 768 394 815 animos
407 768 476 828 volgi
489 775 515 816 et
527 767 683 829 trepidantia
696 767 766 814 bello

63 857 88 901 to
105 856 185 904 eorda
197 855 258 902 licet
271 855 348 916 longe
361 856 546 918 prnescisoere3
565 870 677 917 namque
690 857 815 904 morantis

104 943 213 991 Martius
226 943 271 991 ille
284 943 349 991 aeris
362 943 434 990 rauci
448 957 528 992 canor
539 943 656 1005 increpat
668 952 693 992 et
705 959 755 992 vox

105 1032 208 1080 auditur
221 1031 315 1079 fractos
328 1030 427 1078 sonitus
441 1032 541 1079 imitata
553 1031 689 1091 tuberum3

22 1166 25 1171 .
104 1128 159 1168 tum
171 1120 287 1181 trepidae
300 1119 366 1167 inter
378 1134 405 1167 se
419 1127 512 1168 coeunt
525 1120 662 1182 pinnisque
679 1128 816 1169 coruscant

20 1184 24 1277 f
104 1209 256 1271 spiculaque
270 1215 399 1256 exacuunt
411 1208 500 1255 rostris
514 1215 654 1270 aptantque
668 1209 777 1257 lacertos

18 1320 21 1327 ·
60 1300 86 1344 75
105 1305 130 1345 et
142 1297 213 1346 circa
225 1311 312 1358 regem
325 1303 402 1359 atque
415 1296 471 1358 ipse
484 1297 516 1343 ed
530 1297 660 1358 praetoria
673 1298 768 1345 densae

104 1386 245 1434 miscentur
258 1385 410 1447 magnisque
423 1391 516 1432 vocant
529 1385 684 1432 elamoribus
702 1385 814 1448 hostem)
825 1402 830 1432 :

105 1488 166 1535 ergo
179 1472 224 1521 nbi
238 1472 281 1520 ver
293 1479 385 1520 nactae
398 1472 490 1520 sudum
504 1487 660 1535 camposque
676 1474 795 1535 patentis,

104 1568 243 1624 erumpunt
255 1561 350 1623 portis:
372 1561 541 1622 concurritur,
558 1560 660 1608 aethere
673 1561 699 1607 in
714 1561 767 1608 alto

104 1650 132 1698 fit
144 1651 253 1709 sonitus,
269 1664 392 1711 magnum
405 1650 501 1698 mixtae
513 1650 691 1710 glomerantur
703 1650 730 1696 in
744 1649 832 1697 orbern

55 1744 85 1787 80
104 1739 310 1803 praecipitesque
323 1739 434 1797 cedunt3
448 1750 501 1784 non
515 1737 619 1785 densior
632 1751 690 1785 nere
703 1738 812 1798 grando,

103 1844 152 1877 nee
165 1829 197 1876 de
211 1841 337 1875 concussa
349 1834 449 1874 tantum
463 1826 528 1888 pluit
541 1826 600 1873 ilicc
612 1826 723 1886 glandis.

103 1917 153 1980 ipsi
168 1931 214 1979 per
226 1915 323 1963 medies
336 1915 405 1963 acies
418 1914 563 1974 insignibus
577 1912 624 1962 elis'

104 2004 217 2066 ingentis
232 2004 331 2051 animos
345 2011 455 2064 angusto
470 2003 496 2048 in
509 2009 613 2064 pectore
625 2011 735 2060 versant,

104 2107 187 2155 usque
201 2093 266 2140 adeo
281 2092 368 2139 obnixi
382 2106 435 2138 non
447 2091 545 2148 cedere,
562 2091 622 2138 dum
633 2090 717 2151 gravis
731 2096 775 2136 aut
786 2090 833 2136 hos

53 2186 84 2229 85
105 2187 150 2228 aut
162 2180 210 2228 hos
224 2195 295 2228 verse
308 2179 371 2240 fuga
382 2180 463 2227 victor
476 2180 536 2226 dare
550 2185 622 2240 terga
634 2178 744 2238 subegit.

104 2269 132 2316 hi
145 2275 231 2316 motus
245 2269 391 2316 animorum
404 2275 481 2329 atque
495 2268 559 2315 haec
573 2267 714 2314 certamina
726 2273 799 2314 tenta

105 2356 217 2419 pulveris
231 2357 318 2418 exigui
331 2357 401 2404 iaetu
414 2370 561 2418 compresse
573 2355 716 2417 quiescunt.

142 2444 239 2492 Verum
253 2445 296 2492 ubi
310 2446 429 2493 ductores
442 2445 497 2492 acie
510 2444 667 2491 revocaveris
681 2443 766 2501 umbo,

106 2533 219 2582 deterior
232 2533 275 2595 qui
288 2532 365 2591 visus,
381 2548 448 2591 eum,
464 2547 496 2580 ne
509 2532 633 2594 prodigus
648 2531 729 2590 obsit,

52 2628 85 2672 90
107 2622 173 2670 dede
185 2622 259 2680 πιθοῖς
279 2621 372 2669 melior
383 2636 465 2669 vacus
478 2621 534 2668 sine
546 2626 636 2680 regnet
649 2619 675 2666 in
688 2619 757 2667 aule.
