1808 2956
28 168 88 215 40⁸2
268 176 294 214 P.
311 173 434 214 VERGlLI
454 173 589 214 nnnonls

98 332 217 395 princeps
231 331 365 379 ardentem
379 330 489 378 coniecit
502 330 631 392 lampada
642 331 763 392 Turnus,

99 429 124 469 et
136 421 268 468 flammam
280 419 372 467 adfixit
384 418 476 477 lateri3
497 433 565 480 quae
579 420 696 481 plurima
710 432 790 470 vento

101 509 225 571 corripuit
237 507 339 555 tabulas
353 515 378 555 et
390 506 507 569 postibus
521 505 607 554 haesit
619 508 719 557 adesis.

31 602 80 645 535
101 596 194 645 turbati
209 596 337 658 trepidare
349 595 419 642 intus
432 594 580 656 frustraque
594 597 731 646 malorum

101 686 166 734 velle
179 684 276 745 fugam.
306 685 367 730 dum
385 698 412 731 se
425 685 573 744 glomerant
586 691 713 747 retroque
727 688 845 735 residunt

102 775 128 821 iu
141 780 241 837 partem
255 786 322 834 quae
334 778 405 835 peste
419 779 498 829 caret,
515 779 569 818 turn
583 773 702 834 pondere
716 777 798 823 turris

103 861 239 925 procubuit
252 860 336 908 subito
350 867 376 908 et
388 860 489 908 caelum
503 867 577 907 touat
590 874 670 909 omne
684 862 804 925 fragore.

103 951 242 1000 semineces
256 950 288 997 ad
302 958 406 1014 terram,
422 948 521 995 inmani
535 948 605 996 mole
617 958 720 1010 secuta,

34 1045 84 1088 540
104 1040 250 1100 confixique
264 1037 316 1084 suis
329 1037 386 1085 telis
401 1045 426 1084 et
438 1043 544 1098 pectora
558 1036 624 1083 duro

105 1126 237 1176 transfossi
252 1126 324 1186 ligno
337 1126 452 1173 veniunt.
480 1125 523 1172 vix
536 1140 603 1173 unus
617 1125 739 1176 Helenor

106 1224 132 1265 et
143 1215 227 1277 Lycus
241 1213 338 1275 clapsi:
360 1228 471 1276 quorum
484 1214 629 1276 primaevos
642 1213 776 1279 Helenor,

107 1304 228 1352 Maeonio
241 1302 296 1363 regi
310 1316 387 1363 quem
400 1315 473 1350 serva
485 1301 622 1364 Licymnia
636 1301 729 1354 furtim

107 1393 245 1442 sustulerat
257 1391 391 1452 vetitisque
405 1391 437 1437 nd
451 1389 558 1437 Troiam
571 1391 678 1439 miserat
691 1398 785 1456 armis,

39 1488 88 1531 545
108 1496 169 1530 ense
182 1481 244 1528 levis
257 1480 327 1526 nudo
341 1494 483 1541 parmaque
496 1480 623 1541 inglorius
637 1482 709 1530 alba.

109 1572 182 1634 isque
197 1569 238 1616 ubi
252 1583 279 1616 se
292 1567 373 1614 'lurni
387 1568 473 1615 media
486 1569 552 1617 inter
565 1568 727 1630 milisendis,

109 1661 169 1708 hinc
183 1659 250 1707 acies
263 1665 340 1720 atque
353 1657 414 1705 hinc
427 1658 495 1706 acies
509 1658 611 1706 adstare
623 1656 746 1718 Latinas,

109 1760 137 1797 ut
150 1749 204 1797 fera
216 1762 283 1810 quae
296 1747 376 1793 densa
388 1753 527 1793 venantum
540 1753 633 1809 saepta
642 1757 745 1796 corona

110 1846 201 1886 contra
213 1837 264 1884 tela
276 1835 338 1882 furit
351 1848 457 1895 seseque
470 1834 541 1882 haud
555 1835 643 1884 nescia
655 1837 734 1885 morti

41 1933 90 1975 550
110 1927 184 1974 inicit
196 1933 221 1973 et
234 1925 299 1972 saltu
314 1938 392 1985 supra
404 1921 532 1972 venabula
544 1923 632 1982 fertur,

111 2015 180 2063 haud
195 2015 269 2061 aliter
281 2012 379 2060 iuvenis
393 2012 491 2059 medios
505 2012 643 2060 moriturus
656 2012 684 2060 in
698 2013 784 2064 hostis

111 2104 190 2152 inruit
203 2109 227 2149 ct
240 2117 292 2163 qua
306 2102 357 2148 tela
369 2100 436 2148 viriet
450 2100 603 2148 densissima
615 2101 707 2148 tendit.

112 2200 137 2239 at
150 2191 258 2254 pedibus
272 2191 349 2252 longe
362 2189 454 2236 melior
466 2188 551 2250 Lycus
564 2189 631 2236 inter
644 2197 668 2237 et
681 2189 769 2240 hostis

111 2283 177 2330 inter
191 2288 215 2328 ct
228 2295 301 2328 arma
313 2280 374 2342 suga
388 2292 474 2325 muros
488 2283 558 2324 tenet
571 2277 676 2338 aliaque
689 2287 774 2328 certat

42 2377 92 2420 555
112 2370 237 2434 prendere
250 2378 316 2418 tecta
330 2383 408 2416 manu
420 2365 571 2426 sociumque
585 2365 714 2427 attingere
727 2368 844 2419 dextras.

112 2476 189 2523 quem
202 2460 305 2507 Turnus
318 2457 413 2520 pariter
427 2469 501 2503 cursu
515 2454 619 2515 teloque
632 2464 737 2504 secutus

113 2551 229 2612 increpat
242 2548 280 2595 his
294 2549 383 2604 victor,
396 2534 541 2591 ‘nostrasne
556 2542 672 2598 eradere.
689 2543 807 2604 demens,

100 2640 214 2707 sperasti
230 2647 253 2691 te
265 2653 345 2706 posse
358 2623 480 2687 manus‘t‘
503 2631 583 2680 simul
594 2631 785 2690 amquam
