1808 2956
59 191 119 238 468
297 198 322 235 Ρ.
341 197 461 235 b'EltGlLl
482 194 614 234 Mnnon'ls

57 359 108 402 485
129 369 239 417 pronum
253 362 337 401 sterne
350 354 406 400 solo
420 352 551 415 portisque
565 352 670 400 etl'undc
684 352 735 399 sub
750 343 829 400 altis.'

129 443 240 504 cingitur
252 443 306 505 ipse
319 442 405 489 furens
420 441 536 488 certatim
548 440 575 486 in
589 441 692 502 proelia
706 441 823 489 Turnus.

129 532 231 593 iamque
245 531 310 578 adeo
323 531 429 577 rutilum
442 529 548 576 thoraca
560 528 666 576 indutus
681 531 758 578 aenis

129 619 250 667 horrebat
263 619 377 680 squamis
390 631 514 678 surasque
527 616 669 664 incluserat
682 633 761 677 auro,

129 716 245 770 tempora
258 707 342 753 nudus
356 706 449 762 adhuc,
470 705 595 766 laterique
609 705 765 756 accinxerat
779 721 855 757 ensem

58 801 109 844 490
129 796 295 857 fulgebatque
309 795 363 842 alta
376 795 512 851 decurrens
527 807 618 840 aureus
632 808 693 841 arce

130 884 279 945 exultatque
293 882 385 930 animis
399 889 424 930 et
436 896 481 944 spe
493 881 546 928 ianr
559 881 686 944 praecipit
700 883 815 943 hostem,

130 972 213 1035 qualis
226 971 271 1018 ubi
284 971 398 1033 abruptis
411 970 477 1031 fugit
489 969 623 1031 praesepia
637 970 732 1018 sinclis

130 1061 233 1108 tandem
247 1060 312 1107 liber
326 1074 385 1107 ecus
400 1072 543 1120 campoque
556 1057 653 1119 potitus
668 1069 763 1120 aperto

130 1156 175 1195 aut
186 1148 231 1195 ille
244 1148 270 1193 in
284 1155 372 1209 pastus
386 1152 553 1207 armentaque
566 1146 648 1193 tendit
662 1161 794 1209 equarum

59 1240 109 1283 495
129 1243 174 1282 aut
186 1237 307 1284 adsuetus
321 1249 403 1296 aquae
417 1234 535 1297 perfundi
548 1234 653 1282 flumine
667 1244 734 1284 noto

130 1323 223 1371 emicat
236 1323 391 1385 arrectisque
404 1323 490 1371 fremit
503 1321 643 1370 cervicibus
658 1323 712 1372 alte

130 1412 273 1469 luxurians,
289 1412 433 1474 luduntque
445 1411 521 1459 iubae
534 1425 579 1473 per
593 1410 675 1469 colla,
692 1427 741 1474 per
755 1429 845 1462 armos.

130 1500 205 1547 obvia
219 1500 268 1558 cui,
284 1500 440 1548 Volscorum
454 1500 508 1548 acie
522 1499 670 1557 comitante,
687 1499 806 1552 Camilla

130 1589 241 1636 occurrit
254 1589 386 1651 portisque
399 1588 431 1636 ab
445 1602 512 1650 equo
526 1587 616 1648 regina
628 1587 676 1634 sub
690 1589 756 1651 ipsis

61 1680 110 1724 500
130 1677 242 1735 desiluit,
258 1691 336 1739 quam
348 1682 403 1723 tota
416 1675 507 1723 cohors
521 1675 621 1722 imitata
633 1676 733 1725 relictis

130 1765 162 1812 ad
176 1772 270 1814 terram
283 1764 390 1812 defluxit
402 1765 489 1826 cquis:
511 1772 565 1810 tum
578 1763 641 1811 talia
654 1763 733 1812 fatur.

125 1842 233 1912 ‘Turne,
248 1853 288 1900 sui
301 1852 391 1900 merito
404 1852 480 1914 siqua
493 1858 531 1899 est
542 1852 637 1899 fiducia
650 1850 721 1911 sorti,

129 1941 212 1989 audeo
225 1949 251 1988 et
262 1940 415 1988 Aeneadum
428 1941 551 2001 promitto
564 1954 699 1989 occurrere
712 1950 816 1994 turmae

129 2029 236 2090 solaque
249 2027 396 2088 Tyrrhenos
410 2029 507 2089 equites
521 2028 558 2075 ire
572 2026 648 2076 obria
660 2037 764 2080 contra.

60 2119 110 2162 505
129 2115 238 2163 mesine
251 2116 334 2178 prima
346 2130 426 2163 manu
439 2122 562 2179 temptare
575 2117 691 2178 pericula
704 2117 781 2179 belli,

129 2210 157 2250 tu
169 2203 247 2265 pedes
261 2204 293 2252 ad
306 2218 394 2250 mures
407 2203 515 2252 subsiste
529 2212 554 2252 et
565 2205 669 2253 moenia
682 2201 780 2256 serva?

129 2291 231 2338 Turnus
244 2291 277 2339 ad
290 2291 363 2350 haee,
383 2293 473 2339 oculos
487 2291 616 2341 horrenda
628 2293 655 2339 in
668 2293 771 2355 virgine
785 2298 856 2356 fixus,

125 2366 153 2426 ‘o
167 2379 244 2427 decus
257 2379 347 2427 Italiae
360 2379 441 2441 virgo,
457 2396 522 2442 quas
536 2381 621 2429 dicere
634 2390 720 2442 grates

129 2481 224 2529 quasve
237 2467 331 2516 referre
340 2467 447 2530 parem?
460 2469 505 2516 sed
516 2484 593 2528 nunc,
606 2475 644 2517 est
653 2470 744 2518 omnia
754 2475 857 2535 quande

59 2559 110 2604 510
129 2555 177 2604 iste
189 2556 290 2604 animus
302 2571 389 2619 supra,
405 2571 506 2604 mecum
518 2558 613 2620 partire
626 2557 753 2607 laborem.

118 2647 239 2711 Aeneas,
255 2654 285 2698 ut
298 2646 372 2698 lema
384 2647 465 2696 fidem
475 2645 603 2704 missique
613 2650 748 2700 repertam
