1808 2956
66 184 126 231 540
407 195 512 234 CULEX.

67 353 115 398 175
136 350 269 398 adversum
283 350 405 399 recubare
420 352 509 400 ducem
523 352 617 412 gregis.
647 353 733 400 acrior
746 354 820 400 instat

133 439 233 486 lumina
247 439 393 486 diffundens
406 440 539 487 intendere
552 446 578 487 et
590 439 667 487 obvia
680 450 753 489 torvo

79 562 80 565 η
134 528 233 574 saevius
247 527 372 589 arrip²ens
386 528 534 589 intringere,
551 529 620 590 quod
634 544 682 576 sua
696 531 827 593 quisquam

134 617 167 664 ad
181 617 246 664 vada
259 616 377 664 venisset.
406 624 513 664 naturae
527 624 661 679 comparat
674 634 762 666 arma:

133 705 205 752 ardet
218 712 312 762 mente,
328 704 389 751 furit
401 705 562 762 stridoribus,
578 706 681 753 intonat
694 720 748 766 ore,

65 798 114 840 180
133 793 241 840 flexibus
255 800 280 840 et
292 794 370 840 versis
384 781 517 854 torquetur
531 794 646 855 corporis
660 795 740 855 orbis,

134 889 240 928 manant
253 882 411 942 sanguineae
424 896 470 943 per
483 888 579 928 tractus
593 877 710 944 undique
724 891 817 945 guttae,

133 970 237 1032 spiritus
251 971 362 1032 erumpit
374 969 469 1018 fauces.
498 985 549 1032 quo
564 977 659 1017 cuneta
671 979 782 1032 parante

133 1059 254 1119 parvulus
267 1058 336 1105 hune
349 1059 419 1119 prior
432 1059 547 1105 humoris
561 1065 690 1106 conterret
704 1061 818 1107 alumnus

135 1153 159 1193 et
172 1153 280 1193 mortem
294 1146 373 1193 vitare
386 1153 474 1193 monet
486 1162 531 1208 per
545 1148 675 1195 acumina.
703 1164 812 1211 namque

66 1239 113 1281 185
132 1237 210 1296 †qua
225 1235 328 1281 diducta
341 1249 421 1295 genas
435 1234 583 1296 pandebant
596 1237 695 1284 lumina
709 1238 813 1298 gemmis

132 1326 146 1380 †
159 1338 188 1368 ac
201 1322 309 1369 senioris
323 1330 378 1370 erat
390 1332 497 1370 naturae
510 1325 608 1386 pupula
622 1325 673 1371 telo

133 1411 185 1457 ieta
198 1410 256 1457 levi.
285 1417 339 1467 tum
352 1412 471 1472 prosiluit
483 1411 636 1458 furibundus
650 1420 675 1460 et
688 1413 763 1460 illum

135 1498 255 1545 obtritum
269 1499 344 1545 morti
358 1499 441 1546 misit:
465 1501 504 1547 cui
520 1500 623 1547 dissitus
636 1502 722 1548 omnis

134 1588 237 1649 spiritus
251 1587 360 1634 excessit
372 1602 470 1634 sensus.
499 1595 553 1634 tum
567 1596 638 1634 torva
651 1595 780 1636 tenentem

66 1680 114 1722 190
135 1677 233 1723 lumina
247 1677 359 1738 respexit
372 1684 513 1738 serpentem
528 1677 688 1724 comminus:
710 1678 770 1724 inde

133 1764 242 1825 inpiger,
259 1765 393 1822 exanimis,
409 1765 451 1811 vix
465 1779 570 1826 compos
584 1774 670 1812 mente
683 1767 778 1827 refugit

133 1860 158 1900 et
170 1854 284 1900 tandum
298 1854 388 1900 dextra
401 1861 519 1900 truncum
534 1853 644 1899 detraxit
658 1853 690 1900 ab
705 1868 769 1901 orno

134 1941 186 2002 (cui
201 1957 274 1989 casus
288 1942 393 1989 sociarit
406 1957 481 2003 opem
495 1956 620 1989 nnmenve
636 1942 744 1989 deornm

133 2031 241 2091 prodere
254 2031 287 2077 sit
300 2030 415 2089 dubium,
431 2031 511 2077 valuit
523 2031 567 2077 sed
581 2031 682 2078 vincere
697 2032 755 2078 talis

65 2123 113 2164 195
133 2118 240 2166 horrida
258 2119 388 2180 squamosi
402 2118 531 2165 volventia
543 2118 659 2165 membra
672 2119 804 2181 draconis)

134 2214 211 2268 atquc
225 2208 372 2254 reluctantis
387 2207 481 2255 crebris
496 2207 621 2268 foedeque
634 2208 745 2269 petentis

132 2295 225 2342 ictibus
239 2311 298 2342 ossa
311 2296 369 2343 ferit
382 2296 489 2356 cingunt
502 2310 553 2357 qua
565 2304 682 2357 tempora
695 2297 795 2344 cristae.

132 2386 145 2442 †
159 2392 184 2430 et
197 2385 265 2445 quod
281 2391 335 2431 crat
349 2385 436 2431 tardus
450 2385 519 2431 omni
534 2385 659 2445 languore
673 2391 773 2432 remoto

132 2475 145 2531 †
158 2473 259 2520 nescius
273 2473 400 2534 aspiciens
414 2473 491 2519 timor
504 2480 685 2520 occaecaverat
698 2481 777 2530 artus,

55 2566 110 2609 200
127 2559 180 2610 noc
192 2560 279 2611 minus
294 2561 416 2628 inplicuit
428 2561 486 2610 dira
496 2561 632 2608 tormidine
645 2568 766 2608 mentem.

116 2671 199 2721 quem
212 2665 363 2726 postquam
377 2655 446 2706 vidit
458 2666 569 2704 caesum
575 2649 758 2708 tanauesceie„
767 2647 842 2689 sena.
