1808 2956
254 203 401 247 AENEIDOS
428 206 514 245 LIBER
530 209 583 247 XII.
764 202 822 247 517

97 361 221 424 luppiter,
238 368 263 409 et
275 362 391 410 Turnum
405 370 430 411 et
442 370 522 411 terres
536 364 615 412 invite
628 366 735 427 reliqui:

50 455 79 497 lo
100 465 146 498 uec
160 456 187 497 tu
201 464 241 497 me
255 451 325 498 aeria
338 452 420 498 solum
433 467 502 500 nuno
515 453 574 501 sede
588 454 686 500 videres

98 539 177 599 digna
191 538 300 599 indigna
312 539 374 600 pati,
391 540 435 587 sed
449 540 557 588 flonrmis
572 543 657 589 cinctu
669 541 715 588 sub
730 542 786 604 ipsu

97 634 192 674 starem
212 627 267 675 acie
287 626 465 690 traheremque
484 629 589 677 inimica
608 630 634 676 in
649 630 748 692 proelia
760 630 826 678 Teu-

400 732 465 764 oros.

98 805 232 852 Iuturnam
245 805 338 853 misero
353 805 458 869 (fateor)
472 821 619 855 succurrere
633 806 703 854 fratri

99 893 168 939 suasi
182 901 207 941 et
219 908 265 955 pro
279 894 331 942 vita
343 895 442 942 maiore
455 897 550 944 audere
563 895 684 958 probavi:

50 985 79 1028 15
100 996 150 1028 non
165 989 193 1028 ut
206 983 257 1030 tela
270 990 365 1040 tamen,
381 998 434 1030 non
448 991 475 1030 ut
489 984 655 1031 contenderet
667 997 772 1041 areum3

99 1071 189 1117 adiuro
204 1069 285 1132 Stygii
300 1079 377 1133 ceput
390 1071 545 1133 inplacabile
560 1072 645 1129 sontis

99 1173 151 1206 unu
164 1159 311 1220 superstitio
326 1161 425 1222 superis
439 1175 504 1221 quae
518 1160 618 1207 reddita
631 1160 704 1207 divis.

99 1253 123 1294 et
141 1261 209 1294 nuno
230 1248 292 1294 cedo
307 1248 425 1310 equidem
439 1263 590 1310 pugnasque
603 1263 682 1296 exosa
695 1249 823 1311 relinquo.

99 1335 164 1382 illud
179 1343 211 1391 to,
227 1337 299 1384 nulla
312 1337 357 1383 suti
372 1338 440 1399 qnod
455 1338 512 1397 lege
527 1344 633 1394 tenetur,

50 1427 79 1470 20
99 1438 145 1484 pro
159 1422 234 1469 Lutio
249 1424 370 1483 obtestor,
386 1441 433 1487 pro
447 1426 579 1472 maiestate
593 1433 710 1472 tuorum:

98 1525 156 1557 cunr
170 1510 221 1555 iam
235 1511 342 1560 conubis
355 1528 444 1574 pacem
458 1514 585 1572 felicibus,
602 1522 665 1570 esto,

99 1605 255 1657 conportent,
272 1614 330 1644 oum
342 1600 394 1646 iam
407 1601 476 1661 leges
490 1608 515 1649 et
528 1601 632 1649 foenera
645 1601 761 1662 iungunt,

96 1702 128 1734 ne
142 1694 213 1732 votus
226 1685 361 1745 indigenas
374 1703 468 1735 nornen
483 1697 581 1736 mutare
595 1689 701 1735 Latinos

99 1791 148 1824 nen
163 1775 244 1822 Trous
259 1774 311 1821 fieri
326 1775 414 1822 iubeas
428 1776 592 1837 Teucrosque
605 1777 690 1823 vocari

50 1872 77 1914 25
98 1873 143 1913 aut
155 1879 243 1911 rocem
257 1871 356 1910 mutare
369 1862 435 1909 viros
449 1871 493 1909 aut
505 1872 601 1911 vertere
614 1871 717 1911 vestem.

98 1955 131 2001 sit
143 1954 256 2010 Latium,
273 1952 324 1999 sint
336 1951 431 1999 Albani
445 1966 490 2014 per
504 1952 606 1999 saecula
620 1966 700 2012 reges,

98 2043 131 2090 sit
144 2042 262 2089 Romana
274 2048 365 2103 potens
379 2041 445 2089 Itulu
457 2040 549 2087 virtute
562 2054 694 2101 propago:

99 2131 194 2178 oceidit
206 2131 380 2192 occideritque
394 2129 462 2176 sinas
477 2143 534 2175 cum
548 2128 652 2175 nomine
666 2121 763 2177 Troiu.'

99 2220 143 2267 olli
158 2219 292 2267 subridens
306 2219 440 2266 hominum
454 2231 589 2278 rerumque
606 2223 719 2278 repertor

50 2315 78 2357 30
95 2299 133 2356 ‘es
146 2323 270 2369 germane
282 2308 350 2355 Iovis
363 2306 520 2367 Saturnique
533 2306 614 2353 alt-ora
627 2304 728 2367 proles:

98 2398 193 2444 irarum
207 2405 292 2445 tantos
305 2396 385 2443 volvis
399 2395 445 2443 sub
459 2402 562 2456 pectore
576 2394 676 2441 fluetus.

97 2501 185 2533 reruni
199 2500 246 2545 age
260 2493 284 2532 et
296 2486 427 2547 inceptum
440 2484 532 2531 frustra
546 2482 666 2530 submitte
679 2480 806 2528 furorem:

98 2574 131 2620 do
146 2574 214 2635 quod
228 2574 265 2620 vis
279 2581 304 2621 ot
316 2588 357 2620 me
370 2574 503 2636 victusque
515 2573 662 2633 roiensque
672 2569 795 2615 remitto.

90 2675 236 2708 sermonem
248 2662 362 2711 Ausonii
378 2665 497 2729 patrium
511 2675 664 2724 moresque
674 2653 816 2703 terreum
