1808 2956
358 186 465 224 CULEX.
749 178 785 223 54
795 178 805 220 l

116 343 172 390 Iam
185 343 268 405 quatit
281 351 306 390 et
317 342 412 404 biiugis
426 343 510 390 oriens
523 341 628 390 Erebeis
642 333 721 404 equos
734 341 793 390 Nox

68 457 71 460 ·
83 439 109 480 et
121 432 194 494 piger
208 437 298 479 aurata
312 431 428 494 procedit
440 431 538 493 Vesper
552 431 583 478 ab
598 429 672 489 Oeta,

84 536 142 570 cum
155 534 232 581 grege
246 521 380 582 compulso
394 527 489 582 pastor,
503 519 693 581 duplicantibus
704 519 808 578 umbris,

40 615 63 657 >5
83 610 154 657 vadit
167 609 230 656 etin
244 608 324 656 fessos
338 609 452 670 requiem
466 609 526 655 dare
540 614 674 669 comparat
687 614 765 654 artus,

84 697 156 746 cuius
170 706 198 744 ut
210 698 314 745 intravit
327 698 407 744 levior
419 712 464 759 per
478 711 587 758 corpora
600 711 715 754 somnus,

85 786 261 848 languideque
274 787 355 834 effuso
369 786 518 848 requierunt
530 785 645 832 membra
658 799 751 846 sopore

84 875 182 935 effigies
196 876 228 922 ed
242 890 300 922 curn
314 875 403 922 culicis
418 874 519 921 devenit
532 881 556 920 et
568 874 606 921 illi

85 964 162 1010 tristis
176 963 207 1011 ab
222 972 312 1010 eventu
327 963 419 1010 cecinit
432 962 548 1010 convicia
560 961 658 1008 mortis.

40 1058 65 1100 10
81 1042 125 1100 ‘en
140 1045 209 1114 quid'
222 1041 382 1098 ait‘rneritus
397 1051 428 1098 ad
443 1066 509 1112 quae
523 1051 622 1097 delatus
636 1049 741 1097 acerbas

85 1156 165 1202 cogor
178 1141 249 1188 adire
262 1140 347 1188 vices?
367 1147 410 1186 tua
424 1140 485 1186 dum
498 1138 561 1185 mibi
576 1139 660 1186 carior
673 1139 730 1201 ipsa

85 1230 137 1277 vita
149 1230 198 1276 suit
209 1229 269 1286 vita,
285 1229 372 1291 rapior
384 1243 429 1290 per
445 1228 533 1275 inania
546 1227 650 1274 Averni.

85 1325 112 1365 tu
125 1318 209 1366 lentus
223 1317 320 1365 refoves
334 1318 447 1365 iucunda
460 1317 574 1364 membra
588 1316 682 1378 quiete,

85 1412 185 1468 ereptus
199 1407 286 1454 taetris
300 1422 314 1454 e
328 1407 461 1464 cladibus;
482 1413 509 1453 at
521 1420 578 1453 mee
592 1419 681 1452 manes

40 1499 65 1541 15
85 1494 183 1540 viscera
195 1493 322 1543 Lethaeas
336 1501 432 1556 cogunt
445 1502 578 1542 transnare
592 1508 637 1556 per
649 1493 740 1540 undas.

86 1580 182 1642 praeda
196 1579 333 1630 Charoutis
351 1598 422 1644 agor.
450 1584 525 1631 viden
542 1589 571 1629 ut
584 1582 719 1642 flagrantia
732 1581 813 1628 taedis

86 1668 177 1715 limina
191 1669 328 1716 conlucent
340 1671 446 1717 inferuis
460 1672 548 1718 omnia
561 1670 681 1732 templis?

86 1757 162 1804 obvia
174 1755 325 1818 Tisiphone,
340 1759 500 1819 serpentibus
514 1761 628 1821 undique
642 1766 753 1820 compta,

86 1853 111 1895 et
124 1846 240 1892 flammas
255 1853 279 1893 et
292 1860 368 1894 saeva
381 1847 464 1907 quatit
476 1848 539 1894 mihi
552 1848 665 1896 verbere.
695 1862 762 1909 pone

40 1942 66 1983 20
87 1935 213 1983 Cerberus
227 1940 252 1980 et
265 1933 325 1981 diris
340 1934 460 1982 latrantia
474 1935 578 1982 rictibus
593 1951 647 1994 ora,

87 2023 214 2085 anguibus
228 2022 288 2070 hinc
302 2030 379 2085 atque
392 2023 453 2070 hinc
465 2023 570 2070 horrent
578 2024 618 2071 cui
626 2025 695 2072 colla
703 2023 812 2082 reflexis,

86 2113 274 2173 sanguineique
287 2112 384 2160 rnieant
397 2111 515 2159 arderem
529 2112 633 2159 luminis
647 2112 730 2159 orbes.

86 2202 146 2259 heu,
162 2201 224 2262 quid
238 2199 270 2247 ab
285 2200 370 2248 officio
385 2200 499 2262 digressa
512 2209 550 2248 est
562 2201 655 2262 gratia,
672 2216 730 2248 cum
743 2207 767 2248 te

86 2289 186 2338 restitui
200 2289 299 2350 superis
313 2289 356 2336 leti
371 2290 422 2336 iam
436 2290 524 2336 limine
538 2289 569 2336 ab
583 2288 658 2351 ipso?

40 2383 66 2425 25
86 2378 201 2440 praemia
214 2384 274 2424 sunt
286 2377 388 2439 pietatis
401 2377 454 2436 ubi,
470 2378 572 2440 pietatis
585 2376 715 2423 honores?

87 2468 113 2513 in
127 2480 205 2514 vanas
219 2465 304 2513 abiere
317 2466 383 2513 vices
397 2473 422 2513 et
435 2480 492 2514 rure
505 2465 609 2513 recessit

87 2554 185 2600 iustitia
198 2561 223 2600 et
234 2554 305 2616 prior
318 2554 365 2601 illa
378 2554 449 2600 fides.
477 2553 601 2600 instantia
614 2552 664 2599 vici

83 2641 195 2696 alterius,
211 2642 268 2690 siue
280 2651 404 2706 respectu
417 2659 480 2692 urea
492 2643 552 2692 iata
563 2641 727 2701 reiiuuueus
