1808 2956
57 173 118 222 524
302 184 329 222 P.
346 181 467 222 vuuornr
488 181 619 222 nsuours

432 339 479 386 III.

127 428 215 488 Socer,
231 429 305 477 beate
318 443 365 475 uec
379 428 424 475 tibi
438 442 486 476 nee
499 429 582 486 altori,

125 533 256 580 generque
269 516 406 574 Noctuine,
422 517 539 578 putidum
553 524 639 579 caput,

126 615 204 653 tuone
218 621 286 653 nunc
299 606 387 667 puella
400 606 467 663 telis,
483 606 505 654 ei
520 612 564 652 tuo

126 702 231 757 stupore
244 708 333 757 pressa
344 709 387 741 rus
401 694 499 741 abibit?
518 694 541 742 ci
555 693 628 751 mihi,

92 789 106 831 5
127 784 211 831 utillo
224 798 310 830 versus
323 797 509 845 usquequaque
522 782 642 844 pertinet,

123 862 214 933 ‘gener
227 886 360 934 socerque,
377 870 523 933 perdidistis
538 870 625 918 omnia
635 862 656 917 !’

434 959 480 1006 IV.

127 1049 242 1112 Superbe
255 1048 390 1105 Noctuine,
407 1047 525 1110 putidum
539 1056 624 1109 caput,

127 1140 202 1185 datur
215 1139 261 1185 tibi
274 1138 360 1200 puella
375 1151 453 1198 quant
466 1135 541 1197 petis,
557 1136 641 1193 datur,

127 1227 211 1286 datur,
227 1225 336 1288 superbe
349 1225 486 1282 Noctuine,
502 1239 579 1286 quarn
593 1225 667 1287 petis.

127 1315 181 1372 sed,
198 1315 337 1376 osuperbe
350 1313 488 1372 Noctuine,
503 1326 556 1359 non
570 1313 640 1360 vides

93 1407 106 1450 5
128 1403 191 1450 duas
205 1402 299 1451 habere
313 1402 380 1449 filias
395 1402 513 1458 Atilium,

127 1493 200 1549 duas,
216 1498 241 1539 et
253 1491 321 1538 hanc
334 1499 358 1538 et
372 1491 488 1547 alteram,
505 1489 550 1536 tihi
565 1489 629 1535 dari.

128 1581 214 1629 adeste
228 1595 305 1637 uuna,
322 1580 424 1627 adeste:
447 1578 525 1634 ducit,
542 1586 569 1624 ut
583 1579 664 1634 decet,

127 1669 253 1732 superbus
267 1682 327 1716 ecce
339 1667 482 1715 Noctuinus
496 1667 622 1714 hirneam.

128 1757 260 1816 thalassio,
276 1756 410 1813 thalassio,
426 1755 565 1802 thalassio!

439 1843 471 1890 V.

127 1935 214 1982 Iacere
227 1949 268 1982 me
281 1932 351 1994 quod
366 1932 419 1979 alta
432 1945 485 1979 non
499 1931 595 1994 possiru
609 1938 684 1993 putas

127 2030 156 2069 ut
168 2029 226 2070 ante
240 2021 333 2070 vectari
347 2020 412 2069 freta

127 2088 175 2156 nec
188 2110 253 2157 serre
266 2109 358 2156 durum
372 2109 452 2170 frigus
467 2116 511 2156 aut
524 2116 623 2156 aestum
636 2109 688 2170 pati

128 2213 210 2260 neque
224 2213 297 2246 arma
309 2198 411 2245 victoris
425 2198 506 2260 sequi.

93 2292 107 2334 5
127 2287 221 2344 valent,
237 2288 323 2335 valent
336 2287 399 2334 mihi
413 2287 452 2334 ira
464 2294 490 2335 et
502 2287 623 2349 antiquus
637 2286 709 2334 furo·

128 2383 153 2423 et
166 2375 256 2437 lingua
269 2392 320 2439 qua
334 2377 432 2424 adsiem
446 2376 490 2423 tibi

128 2472 153 2512 et
166 2465 316 2526 prostitutae
329 2474 403 2527 turpe
416 2464 613 2512 contubernium

120 2554 228 2605 soron's.
258 2554 351 2621 oquid
366 2570 407 2604 ure
421 2552 530 2603 incitus?

107 2649 185 2715 quid,
202 2650 339 2721 inpudico
352 2659 379 2703 et
392 2644 565 2714 inprobando
577 2637 698 2692 Caesen,
