1808 2956
44 106 60 150 4
70 105 106 153 58
286 115 312 153 Ρ.
330 113 451 152 vertum
471 112 603 153 undosus

114 278 230 330 testatur,
246 271 331 318 solum
344 269 415 332 posci
428 269 454 315 in
469 270 611 318 certamina
624 270 760 321 Turnum.

115 360 196 406 multa
209 360 286 407 simul
300 367 390 407 cont-ra
403 358 479 406 variis
493 359 621 406 sententia
634 360 716 409 dictis

114 462 161 508 pro
174 446 273 505 Turno,
295 454 320 495 et
333 461 457 508 magnum
471 447 576 507 reginae
587 461 688 496 nomen
703 451 844 509 obumbrat,

114 537 196 583 multa
208 537 290 583 virum
303 536 400 583 meritis
414 541 540 583 sustentat
552 534 622 582 sume
635 540 768 599 tropaeis.

41 627 94 670 225
150 623 204 672 Hos
217 625 389 682 inremotus,
405 623 492 671 medio
505 624 531 669 in
544 623 674 684 flagrante
691 630 819 688 tumultu,

115 727 174 760 ecce
187 727 263 774 super
275 713 367 760 maesti
379 727 476 772 magna
488 711 623 759 Diomedis
637 712 670 760 ab
684 717 755 765 urbe

115 801 193 862 legati
207 815 331 862 responsa
343 801 437 860 ferunt,
453 800 518 848 nihil
532 800 652 848 omnibus
666 812 762 853 actum

115 896 246 937 tantorum
259 890 374 951 inpensis
388 904 507 951 operum,
524 890 560 936 nil
574 890 645 938 done
657 904 750 954 neque
764 909 848 944 aurun

116 992 164 1025 nec
177 992 285 1038 magnas
298 979 409 1026 valuisse
421 992 520 1040 preces,
535 978 588 1026 ulia
600 992 675 1027 erma
690 980 798 1032 Latinis

41 1071 95 1114 230
116 1067 263 1128 quaerenda
281 1073 325 1112 eut
343 1080 433 1127 pacem
446 1065 561 1115 Troiano
575 1067 607 1115 ab
621 1081 685 1129 rege
699 1074 846 1133 petendum.

116 1154 202 1202 deficit
213 1154 311 1214 ingenti
326 1155 396 1202 luctu
410 1169 455 1203 rex
467 1155 522 1217 ipse
535 1156 652 1203 Latinus.

115 1242 221 1290 fatalem
234 1244 343 1290 Aenean
356 1244 493 1292 manifesto
506 1245 612 1292 numine
625 1245 687 1293 ferri

115 1332 238 1379 admonet
251 1332 289 1378 iro
302 1333 378 1380 deum
392 1332 537 1393 tumulique
550 1339 609 1379 ente
622 1347 670 1381 ora
683 1348 816 1385 recentes.

115 1435 176 1481 ergo
190 1421 330 1468 concilium
344 1435 467 1481 magnum
480 1421 630 1482 primosque
643 1436 758 1473 suorum

43 1514 95 1556 235
116 1509 224 1572 imperio
239 1509 335 1556 accitos
349 1510 402 1556 ulta
414 1509 482 1555 intra
496 1508 587 1555 limine
599 1509 678 1570 cogit.

116 1599 161 1646 olli
175 1611 317 1646 convenere
329 1604 457 1658 ruentque
470 1596 503 1643 ud
517 1596 589 1656 regie
601 1597 686 1657 plenis

115 1694 183 1735 tecte
195 1687 251 1733 viis.
279 1686 351 1733 sedet
362 1685 389 1732 in
402 1684 493 1732 mediis
507 1692 532 1732 et
545 1685 674 1733 maximus
689 1703 758 1737 aevo

116 1782 140 1823 et
152 1775 250 1837 primus
263 1774 378 1836 sceptris
395 1773 463 1820 haud
478 1773 546 1820 luete
558 1773 651 1832 fronte,
667 1773 793 1827 Latinus.

115 1870 193 1925 atque
206 1863 248 1910 hic
262 1864 361 1923 legatos
374 1862 469 1909 Aetola
482 1876 514 1909 ex
527 1861 590 1909 urbe
603 1863 730 1912 remissos

43 1957 95 2000 240
116 1966 182 2014 quue
196 1952 308 1999 referant
319 1951 368 1999 furi
381 1951 453 1998 iubet
466 1959 491 1998 ct
502 1965 626 2013 responsa
639 1956 759 2014 reposcit

115 2041 206 2087 ordine
220 2047 312 2089 cuncta
324 2055 380 2087 suo.
408 2048 462 2087 tum
475 2039 544 2087 fucta
556 2039 659 2087 silentiu
673 2041 785 2104 linguis,

114 2136 140 2177 et
152 2128 269 2176 Venulus
283 2129 351 2177 dicto
365 2143 458 2190 putens
471 2128 507 2175 ite
520 2127 598 2176 farier
610 2127 676 2174 infit.

147 2207 290 2275 ‘Vidimus‚
311 2233 326 2264 o
340 2218 416 2275 cives,
432 2217 586 2265 Diomedem
599 2216 754 2278 Argivaque
769 2231 849 2270 (austra

115 2314 193 2368 atque
206 2306 254 2353 iter
267 2305 363 2352 emensi
378 2320 452 2353 casus
465 2305 640 2366 superavimus
654 2306 743 2356 omnis

44 2399 94 2442 245
115 2395 322 2455 contigimusque
334 2408 440 2440 manum
454 2408 505 2454 qna
519 2393 632 2440 concidit
644 2393 694 2440 Ilia
708 2397 800 2444 telins.

114 2483 159 2530 ille
173 2482 261 2530 urbem
275 2482 431 2544 Argyripam
445 2481 544 2543 patriae
558 2482 714 2542 cognomine
728 2486 818 2545 gentis

105 2575 190 2625 victor
205 2572 325 2639 Gargani
342 2568 595 2631 condebutiuppgis
607 2568 684 2613 ursis.
