1808 2956
27 106 87 155 422
268 113 293 154 r.
310 112 432 155 ventum
448 111 581 153 nlaours

27 277 76 320 220
97 272 209 321 occurrit
221 272 360 320 comitum:
382 270 511 333 nymphae
524 283 589 332 quas
603 269 677 319 alma
690 268 795 334 Cybebe

98 375 191 409 numen
205 361 300 409 habere
312 361 390 408 maris
404 359 583 422 nymphasque
595 373 610 407 e
622 359 735 408 navibus
749 375 802 408 esse

97 449 207 497 iusserat
218 449 344 497 innabant
357 449 452 511 pariter
464 448 609 510 fluctusque
622 447 759 508 secabant,

97 545 161 601 quot
174 538 244 600 prius
258 543 360 586 aeratae
373 542 497 586 steterant
510 536 542 584 ad
556 537 635 583 litora
648 551 754 598 prorae.

98 626 262 688 adgnoscunt
275 627 353 687 longe
366 640 453 687 regem
466 626 629 687 lustrantque
645 625 760 674 choreis.

28 720 78 764 225
99 730 208 778 quarum
221 729 288 777 quae
302 714 373 762 sandi
387 714 536 762 doctissima
550 711 721 776 Cymodocea
784 761 790 771 ,

98 817 166 866 pone
179 817 289 865 sequens
304 803 395 851 dextra
407 802 514 865 puppim
527 808 597 850 tenet
609 802 722 866 ipsaque
736 803 814 852 dorso

100 892 195 940 eminet
207 906 238 940 ac
251 892 325 940 laeve
337 892 421 939 tacitis
434 891 592 952 subremigat
604 891 693 940 undis.

99 986 153 1028 tum
167 979 204 1028 sic
210 980 330 1041 ignarum
338 980 495 1043 adloquitur.
513 969 661 1040 ‘vigilasne
672 980 754 1029 deum
761 996 829 1044 gens,

99 1068 207 1116 Aenea?
226 1069 306 1130 vigila
319 1075 344 1117 et
355 1070 418 1118 velis
431 1068 533 1116 inmitte
545 1067 678 1116 rudentes.

32 1161 83 1204 230
102 1171 150 1204 nos
163 1171 259 1214 sumus,
274 1157 368 1206 Idaeae
381 1172 455 1206 sacro
469 1157 501 1205 de
513 1156 607 1205 vertice
620 1156 709 1219 pinne,

101 1259 171 1292 nunc
183 1245 268 1307 pelagi
282 1245 419 1309 nymphae,
435 1246 525 1295 classis
538 1252 591 1294 tua.
619 1246 736 1308 perfidus
751 1255 781 1296 nt
790 1261 832 1296 nos

101 1333 253 1397 praecipites
267 1334 334 1382 ferro
347 1335 458 1383 Rutulus
470 1335 626 1397 flammaque
640 1335 788 1396 premebat,

101 1422 217 1486 rupimus
230 1423 325 1472 invitae
338 1430 383 1472 tua
395 1424 500 1472 vincula
512 1429 587 1486 teque
600 1437 647 1486 per
662 1439 767 1487 aequor

103 1512 258 1574 quaerimus.
285 1512 353 1561 hauc
369 1513 487 1574 genetrix
499 1512 592 1560 faciem
609 1511 734 1561 miserata
748 1513 834 1563 refecit

33 1605 83 1649 235
103 1608 128 1650 et
141 1601 212 1650 dedit
224 1615 280 1650 csse
293 1601 354 1650 deas
368 1615 509 1663 aavomque
523 1600 621 1662 agitare
634 1600 682 1648 sub
696 1603 787 1651 undis.

103 1697 130 1738 at
142 1705 205 1753 puer
217 1690 346 1738 Ascanius
360 1705 434 1738 muro
447 1689 574 1751 fossisque
589 1696 691 1739 tenetur

103 1779 155 1826 tela
167 1779 233 1827 inter
246 1779 332 1827 media
344 1785 421 1841 atque
435 1778 548 1827 ardentis
560 1778 644 1826 Marte
657 1777 781 1829 Latinos.

103 1867 156 1915 iam
168 1868 227 1916 loca
239 1868 310 1915 iussa
322 1874 392 1915 tenet
404 1867 464 1915 lorti
477 1867 618 1929 permixtus
631 1866 743 1916 Etrusco

104 1955 186 2003 Arcas
199 1970 293 2018 eques3
314 1957 412 2004 medias
425 1956 476 2004 illis
491 1969 621 2018 opponere
635 1962 744 2016 turmas,

34 2049 84 2092 240
104 2058 136 2091 nc
150 2044 238 2092 castris
252 2045 370 2106 iungant,
387 2052 456 2093 certa
469 2052 507 2093 est
520 2044 647 2092 sententia
660 2044 762 2094 Turno.

104 2147 181 2194 surge
192 2147 240 2194 age
253 2140 278 2182 et
290 2135 395 2182 Aurora
407 2134 491 2182 socios
504 2135 622 2181 veniente
634 2135 722 2182 vocari

104 2221 201 2284 primus
220 2222 247 2270 in
267 2238 339 2271 arma
355 2223 415 2271 iube
433 2229 458 2271 et
471 2223 582 2284 clipeum
596 2235 659 2284 cape
673 2237 753 2284 quem
767 2225 838 2273 dedit

406 2312 461 2373 ipse

104 2400 227 2448 invictum
240 2400 387 2463 ignipotens
401 2406 478 2461 atque
492 2414 550 2446 oras
565 2399 655 2446 ambiit
667 2415 743 2448 auro.

106 2489 217 2538 crastina
230 2490 283 2549 lux,
299 2503 357 2537 mea
370 2489 390 2535 si
404 2503 457 2535 non
470 2488 547 2536 inrita
561 2488 631 2535 dicta
643 2490 755 2550 putaris,

18 2583 75 2632 245
92 2581 212 2647 ingentis
226 2581 344 2634 Rutulae
356 2577 491 2646 spectabit
502 2575 591 2625 caedis
602 2569 722 2620 aceruos?
