1808 2956
304 155 452 193 AENEIDOS
470 156 556 193 LIBER
572 157 614 195 XI·

132 312 262 374 praefatus
276 311 348 358 divos
361 312 427 359 solio
441 326 487 359 rex
500 313 555 359 infit
568 313 600 360 ab
614 312 676 360 alto.

163 390 244 448 ‘Ante
257 400 377 462 equidem
390 415 491 447 summa
505 401 536 448 de
549 415 576 448 re
589 401 717 458 statuisse,
733 401 829 459 Latini,

132 496 157 537 et
168 489 260 536 vellem
274 497 299 536 et
311 488 394 536 fuerat
407 489 507 546 melius,
523 504 576 536 non
590 497 705 551 tempore
718 489 763 537 tali

132 591 225 639 cogere
238 577 386 635 concilium,
402 592 460 624 cum
473 592 561 624 muros
574 578 675 625 adsidet
688 577 779 627 hostis.

62 673 112 715 305
132 667 229 714 bellum
242 667 417 728 inportunum,
435 667 510 724 cives,
527 674 674 727 cumgente
687 666 794 714 deorum

131 755 284 816 invictisque
296 754 356 801 viris
370 754 491 814 gerimus,
508 770 572 817 quos
586 755 658 803 nulla
671 754 782 815 fatigant

133 843 231 905 proelia
246 857 292 890 nec
305 843 363 890 victi
377 851 485 904 possunt
498 844 621 891 absistere
633 843 710 891 ferro.

132 945 203 992 spem
222 931 323 993 siquam
336 932 440 979 adscitis
453 933 576 979 Aetolum
594 932 719 979 habuistis
732 932 758 978 in
771 931 859 988 armis,

132 1019 229 1081 ponite.
256 1034 314 1082 spes
327 1020 375 1068 sibi
389 1021 508 1082 quisque.
536 1021 579 1067 sed
591 1020 654 1067 haec
666 1025 863 1082 quamangusta

433 1109 533 1156 videtis.

63 1200 115 1242 310
135 1202 219 1242 cetera
231 1210 283 1257 qua
295 1211 379 1244 rerum
392 1197 495 1245 iaceant
507 1197 626 1259 perculsa
639 1197 722 1255 ruina,

134 1290 193 1330 ante
207 1284 295 1332 oculos
308 1286 426 1348 interque
439 1301 531 1333 manus
544 1293 604 1333 sunt
620 1286 707 1332 omnia
719 1292 823 1334 vestras.

134 1386 181 1420 nec
195 1387 351 1435 quemquam
364 1375 469 1422 incuso:
492 1376 575 1437 potuit
588 1389 655 1436 quae
664 1374 861 1437 plurimavirtus

58 1462 64 1470 '
133 1476 197 1518 esse,
213 1461 276 1519 fuit3
297 1470 350 1509 toto
365 1470 489 1511 certatum
503 1471 541 1511 est
554 1478 662 1525 corpore
675 1463 758 1524 regni.

133 1563 202 1596 nunc
216 1550 280 1596 adeo
294 1563 361 1611 quae
374 1551 407 1597 sit
420 1550 512 1597 dubiae
526 1552 652 1598 sententia
665 1551 744 1598 menti

66 1641 113 1685 315
135 1637 270 1698 expediam
283 1644 308 1683 et
320 1637 410 1697 paucis
424 1636 537 1697 (animos
549 1637 681 1698 adhibete)
695 1638 803 1686 docebo.

135 1732 173 1772 est
185 1724 284 1772 anticus
298 1738 360 1785 ager
372 1724 458 1772 Tusco
471 1725 533 1772 mihi
547 1726 680 1787 proximus
694 1727 772 1782 enini,

135 1815 227 1874 longus
240 1812 267 1858 in
281 1827 411 1871 occasum,
427 1812 485 1859 finis
498 1827 575 1874 super
587 1827 669 1874 usque
682 1812 806 1872 Sicanos3

133 1901 249 1950 Aurunci
263 1901 403 1964 Rutulique
417 1909 505 1950 serunt
517 1910 542 1950 et
555 1915 655 1949 vomere
669 1902 746 1949 duros

134 1997 253 2039 exercent
266 1991 345 2038 colles
359 1999 436 2053 atque
448 1991 541 2038 horum
554 1991 694 2052 asperrima
707 1997 824 2052 pascunt.

99 2085 114 2127 0
134 2080 198 2128 haec
211 2080 296 2128 omnis
308 2079 380 2140 regio
394 2085 420 2127 et
433 2080 493 2128 celsi
505 2080 585 2142 plaga
597 2079 674 2141 pinea
687 2080 781 2126 montis

134 2169 208 2216 cedat
221 2167 350 2216 amicitiae
363 2167 522 2215 Teucrorum
534 2174 561 2215 et
572 2166 681 2215 foederis
695 2182 791 2230 aequas

134 2255 249 2303 dicamus
263 2257 333 2318 leges
346 2256 483 2317 sociosque
495 2257 522 2303 in
537 2271 616 2318 regna
629 2271 748 2305 vocemus
759 2274 764 2313 ;

134 2344 279 2402 considant,
295 2345 315 2393 si
329 2352 415 2392 tantus
429 2357 511 2403 amor,
526 2352 552 2392 et
563 2345 666 2393 moenia
679 2346 801 2394 condant.

133 2432 173 2479 sin
186 2433 251 2480 alios
264 2433 322 2481 finis
335 2433 465 2495 aliamque
478 2447 610 2495 capessere
623 2443 726 2494 gentem

134 2529 172 2569 est
184 2521 285 2571 animus
298 2530 458 2585 possuntque
471 2521 528 2569 solo
541 2521 664 2569 decedere
676 2530 782 2576 nostrox

133 2610 170 2658 bis
184 2611 262 2659 denas
273 2611 342 2660 Itaio
355 2621 478 2662 texamus
490 2610 591 2661 robore
602 2610 695 2666 nans,
