1808 2956
282 198 430 240 Aruernos
448 199 536 239 mnne
551 200 581 240 x.
769 193 827 243 437
887 205 891 214 ·

104 357 230 406 sollicitas
244 370 349 418 aegram
362 362 388 405 et
400 363 444 406 tua
457 356 540 405 tristia
553 355 623 404 iussa
635 357 785 409 timentem?

104 445 125 492 si
144 444 208 492 mihi
228 459 294 507 quoe
313 445 446 507 quondam
465 445 548 494 iuerat
566 459 696 509 quamque
714 461 770 496 esse
789 447 832 496 de·

405 533 480 583 cebet

103 622 140 669 vis
154 621 181 668 in
194 635 281 670 amore
294 621 369 681 foret,
384 636 438 670 non
451 622 501 670 hoc
514 622 577 671 mihi
590 636 703 686 namque
712 637 828 685 negares,

50 717 82 760 15
103 710 277 773 omnipotens,
293 710 356 773 quin
370 718 395 759 et
407 724 511 773 pugnae
524 710 667 761 subducere
679 710 797 763 Turnum

103 806 128 848 et
139 799 235 846 Dauno
248 814 351 863 possem
364 800 521 848 incolumem
534 814 635 849 servare
649 799 758 863 parenti.

102 903 171 936 nune
189 895 278 951 pereat
289 887 447 951 Teucrisque
467 888 510 951 pio
529 888 572 937 det
584 888 710 950 sanguine
722 902 828 951 poenas.

102 978 147 1025 ille
161 984 246 1025 tamen
260 983 349 1024 nostra
361 977 465 1025 deducit
478 977 578 1039 origine
592 991 694 1036 nomen,

102 1066 289 1128 Pilumnusque
301 1065 339 1113 illi
354 1072 460 1128 quartus
474 1072 555 1127 puter,
572 1072 597 1115 et
609 1072 654 1115 tue
666 1066 739 1127 largo

50 1160 83 1202 20
104 1168 180 1215 saepe
193 1169 270 1202 manu
283 1155 422 1216 multisque
436 1154 551 1203 oneravit
563 1154 654 1204 limina
667 1145 761 1205 donis.'

104 1242 144 1290 eui
158 1257 203 1290 rex
215 1243 321 1292 aetherii
335 1243 443 1291 breviter
456 1243 493 1291 sie
506 1242 573 1292 fatus
587 1241 699 1306 Olympi.

102 1330 131 1378 ‘si
146 1345 218 1380 mors
231 1331 372 1393 praesentis
385 1331 429 1380 leti
443 1337 596 1394 tempusque
609 1332 707 1381 caduco

94 1414 190 1467 ‘oratur
202 1420 286 1468 iuveni
300 1434 392 1481 meque
406 1420 455 1468 hoc
467 1421 505 1469 ita
517 1435 614 1483 ponere
626 1421 714 1479 sentis,

102 1509 164 1556 tolle
177 1508 239 1569 fuga
252 1508 369 1555 Turnum
382 1515 459 1569 atque
472 1508 627 1557 instantibus
641 1509 710 1570 eripe
723 1508 791 1559 setis.

49 1600 80 1642 25
101 1594 226 1641 hactenus
239 1595 377 1642 indulsisse
390 1603 471 1643 vacat.
500 1597 539 1642 sin
553 1596 630 1644 altior
642 1596 696 1644 istie
791 1650 792 1653 Ἴ

102 1681 148 1728 sub
161 1682 279 1742 precibus
293 1682 368 1730 venia
380 1683 435 1730 ulla
448 1683 511 1730 latet
523 1689 656 1744 totumque
669 1683 764 1733 moveri

101 1770 224 1817 mutarive
238 1777 312 1831 putas
326 1769 431 1829 bellum,
447 1785 505 1833 spes
518 1770 602 1833 pascis
615 1762 719 1819 inanis?

102 1865 126 1906 et
138 1858 203 1905 Iuno
217 1858 388 1905 adlucrimuns
400 1848 482 1921 ‘quid‚
497 1859 518 1907 si
533 1873 599 1921 quae
612 1873 674 1907 voce
686 1859 801 1920 gravaris

71 1963 74 1968 “
101 1953 186 1994 mente
204 1947 278 1994 dares
296 1953 373 2008 etque
386 1946 450 1996 haee
463 1947 552 1995 Turno
565 1955 623 1995 rato
634 1948 686 1995 vita
698 1948 829 1996 maneret?

48 2042 80 2084 30
100 2051 169 2084 nunc
183 2042 269 2083 manet
280 2035 408 2083 insontem
422 2036 506 2097 gravis
520 2036 612 2096 exitus,
628 2043 673 2084 aut
686 2051 733 2098 ego
747 2037 799 2085 veri

100 2140 166 2172 iruna
179 2125 255 2172 feror.
272 2124 342 2186 quod
356 2131 384 2170 ut
396 2138 411 2171 o
425 2124 510 2188 potius
524 2124 662 2173 formidine
674 2125 740 2173 falsa

100 2214 175 2260 ludar
189 2221 213 2260 et
226 2213 251 2260 in
266 2212 357 2261 melius
371 2219 424 2271 tua,
441 2213 484 2275 qui
498 2220 581 2275 potes,
596 2228 655 2261 orsa
667 2214 781 2262 reflectes
790 2206 806 2260 l'

100 2301 164 2349 haec
177 2302 220 2349 ubi
236 2302 305 2349 dieta
318 2301 397 2358 dedit,
414 2301 486 2349 eaelo
500 2315 527 2350 se
539 2302 656 2364 protinus
669 2303 721 2350 ulto

100 2389 177 2447 misit,
193 2404 273 2450 agens
287 2389 398 2437 hiemem
411 2389 500 2438 nimbo
513 2391 644 2439 succincta
657 2405 703 2452 per
716 2405 801 2449 auras,

48 2482 78 2525 35
98 2478 257 2540 Iliacamque
271 2479 353 2526 aeiem
367 2484 392 2526 et
403 2477 544 2527 Laurentia
558 2485 641 2526 eastra
653 2478 750 2540 petivit.

99 2575 152 2614 tum
167 2568 215 2615 dea
228 2566 295 2615 nube
309 2582 371 2615 cava
384 2573 487 2615 tenuem
500 2566 555 2615 sine
568 2566 667 2613 viribus
676 2566 805 2613 umnam

93 2656 121 2702 in
135 2656 227 2705 faeiem
239 2657 350 2708 Aeneae
363 2655 436 2723 (visu
447 2655 577 2711 mirande
588 2646 763 2702 menstruum
