1808 2956
367 185 472 224 CULEX.

51 350 84 391 40
106 342 192 390 debita
205 342 292 390 felices
306 347 453 390 numeretur
465 342 517 389 vita
529 356 575 404 per
588 356 678 401 annos,

106 438 189 493 grata,
205 430 280 477 bonis
293 432 390 478 lucens.
419 431 463 478 sed
477 445 524 477 nos
538 431 570 478 ad
584 438 675 493 coepta
688 430 807 479 feramur.

141 520 235 580 Igneus
249 519 376 567 aetherias
389 520 441 566 iam
455 520 493 565 sol
507 526 654 580 penetrarat
665 519 692 565 in
706 534 786 579 arces,

106 607 269 669 candidaque
282 614 372 655 aurato
386 607 517 669 quatiebat
530 608 629 656 lumina
643 623 726 666 curru,

106 697 219 745 crinibus
234 702 258 744 et
271 696 350 742 roseis
364 695 481 742 tenebras
494 698 598 744 Aurora
610 696 725 758 fugarat:

53 791 85 833 45
106 785 221 848 propulit
233 799 246 832 e
260 783 368 830 stabulis
383 785 414 830 ad
429 783 525 845 pabula
537 792 600 831 nota
615 785 727 847 capellas

107 880 195 936 pastor
208 880 232 919 et
245 872 339 921 excelsi
352 872 446 918 mentis
460 873 521 932 iuga
534 887 633 920 summa
646 873 742 935 petivit,

106 961 194 1008 rorida
208 976 259 1022 qua
271 960 374 1022 patulos
388 960 508 1008 velabant
520 961 639 1022 gramina
653 963 740 1009 colles.

106 1051 159 1096 iam
172 1049 241 1096 silvis
256 1049 390 1110 dumisque
403 1063 492 1109 vagae,
507 1049 559 1096 iam
572 1049 681 1096 vallibus
695 1049 793 1097 abdunt

107 1152 224 1200 corpora,
240 1137 342 1199 iamque
356 1137 425 1184 omni
440 1138 534 1185 celeres
548 1152 561 1185 e
575 1144 646 1200 parte
659 1145 781 1199 vagantes

55 1231 87 1273 50
107 1241 214 1287 scrupea
228 1226 342 1273 desertae
354 1233 494 1287 perrepunt
507 1227 538 1272 ad
553 1241 616 1274 cava
628 1226 707 1288 rupis.

107 1313 246 1361 tendentur
258 1321 345 1363 tcnero
359 1314 496 1362 viridantia
508 1314 627 1374 gramina
642 1330 738 1374 mersu,

108 1402 222 1463 pendula
234 1403 354 1464 proiectis
368 1410 508 1464 carpuntur
522 1409 547 1450 et
560 1402 651 1449 arbuta
663 1403 750 1462 ramis,

109 1490 240 1550 densaque
253 1490 369 1550 virgultis
383 1492 456 1538 avide
469 1491 588 1539 labrusca
601 1497 739 1553 petuntur;

109 1575 172 1621 baec
185 1591 310 1637 suspensa
322 1579 389 1640 rapit
402 1587 521 1640 carpente
535 1579 670 1627 cacumina
683 1593 770 1625 morsu

57 1669 89 1712 55
109 1663 148 1709 vel
162 1663 247 1710 salicis
261 1665 345 1712 lentae
358 1667 396 1713 vel
411 1682 476 1728 quae
490 1682 555 1714 nova
569 1666 682 1713 nascitur
696 1667 779 1723 alnus,

109 1752 173 1798 haec
186 1757 286 1798 teneras
300 1750 419 1800 fruticum
433 1761 515 1802 sentes
529 1755 644 1812 rimatur,
663 1754 748 1800 atille

109 1840 218 1887 inminet
230 1840 325 1901 inrigui
339 1842 479 1902 praestanti
492 1842 615 1904 marginis
629 1844 712 1890 ulvae.

145 1928 167 1977 Ο
181 1929 250 1975 bena
263 1929 372 1990 pastoris
387 1928 478 1991 (siquis
492 1944 544 1976 nen
558 1931 677 1993 pauperis
691 1931 765 1978 usum

110 2026 195 2065 mente
208 2017 278 2079 prius
293 2018 368 2064 docta
381 2016 496 2064 fastidiat
509 2025 534 2065 et
546 2018 637 2079 probet
648 2019 701 2066 illis

58 2112 90 2154 60
110 2106 211 2153 somnia
224 2105 342 2153 luxuriae
355 2106 467 2168 spretis),
484 2105 617 2167 incognita
631 2107 696 2154 curis

110 2208 175 2255 quae
189 2195 304 2242 lacerant
316 2193 403 2240 avidas
416 2194 521 2241 inimico
534 2202 637 2256 pectore
651 2201 757 2242 mentes.

110 2282 130 2329 si
144 2297 196 2328 non
209 2283 316 2344 Assyrio
330 2283 424 2330 luerint
437 2282 475 2329 bis
489 2283 560 2330 lauta
574 2283 660 2331 colore

100 2371 230 2418 ·Attalicis
244 2371 336 2432 opibus
351 2373 410 2419 data
423 2371 526 2429 vellera,
542 2371 563 2418 si
576 2371 645 2418 nitor
658 2371 713 2418 auri

110 2458 156 2505 sub
171 2460 292 2520 laqueare
307 2461 397 2507 domus
412 2461 527 2507 animum
540 2474 592 2506 non
607 2459 679 2521 angit
692 2475 805 2518 avarum,

58 2551 89 2594 65
110 2547 276 2609 picturaeque
290 2547 366 2595 decus
380 2549 495 2610 lapidum
510 2563 556 2596 nec
569 2547 655 2609 fulgor
668 2549 700 2594 in
707 2549 771 2594 ulla

107 2636 225 2693 cognitus
239 2637 360 2699 utilitate,
377 2655 475 2689 manns
488 2655 541 2689 nec
553 2636 660 2702 pocula
669 2633 744 2681 01er
