1808 2956
228 167 397 211 GEORGICON
414 171 501 211 mede
515 171 554 212 IV.
729 164 785 210 125

60 334 141 391 etque
152 327 248 376 Ixionii
261 335 336 377 vento
350 335 407 375 rota
419 329 533 376 constitit
546 329 623 376 orbis.

60 416 167 479 iamque
179 416 271 478 pedem
284 416 395 464 reserens
409 432 483 465 cesus
497 425 612 466 eraserat
625 419 708 466 omnis

60 505 215 567 redditaque
226 505 354 568 Eurydice
366 520 471 568 superes
484 506 603 554 veniebat
615 507 647 554 ad
662 522 747 565 aures,

61 608 131 657 pene
149 607 259 656 sequens
283 593 407 657 (nemque
426 594 493 642 hanc
512 595 618 643 dederat
636 595 791 659 Proserpina

366 683 472 745 legem),

62 786 121 821 eum
133 771 219 819 subite
231 772 363 820 incautum
377 773 506 820 dementia
519 772 587 835 cepit
599 779 737 830 amantem,

61 859 223 922 ignoscenda
236 860 349 921 quidem,
365 861 459 908 seirent
471 862 492 908 si
507 861 639 922 ignoscere
652 875 754 909 manes:

63 948 157 997 restitit
168 947 366 1010 Eurydicenque
379 963 451 996 suern
465 949 516 997 iam
531 950 588 997 luce
601 949 647 997 sub
662 950 719 1012 ipso

63 1036 192 1085 inmemor
204 1035 254 1085 heu
267 1037 399 1099 vietusque
412 1038 491 1085 animi
506 1038 625 1100 respexit.
659 1039 694 1086 ibi
708 1038 792 1086 omnis

64 1124 160 1173 effusus
173 1124 248 1173 labor
260 1132 338 1187 atque
350 1125 447 1173 inmitis
460 1134 535 1189 rupte
549 1127 649 1190 tyranni

64 1214 170 1263 foedera
182 1220 271 1275 terque
284 1212 372 1274 fragor
384 1216 482 1275 stagnis
496 1217 598 1263 auditus
612 1216 729 1264 Avernis.

64 1302 111 1351 iila
130 1291 200 1365 ‘quis
221 1309 246 1350 et
264 1293 313 1350 rne'
331 1303 415 1364 inquit
430 1293 561 1352 ‘miserem
580 1312 604 1352 ct
623 1313 648 1352 te
667 1305 786 1367 perdidit,

369 1391 483 1454 Orpheo,

67 1480 125 1542 quis
138 1485 224 1526 tantus
238 1478 325 1526 furor?
351 1493 383 1528 en
395 1480 488 1528 iterum
502 1483 616 1530 crudelia
629 1491 696 1529 retro

67 1565 120 1615 fate
132 1573 226 1615 vocant
239 1568 378 1630 conditque
391 1569 508 1616 notantia
521 1570 619 1618 lumina
632 1585 746 1617 somnus.

66 1654 171 1721 iamque
184 1657 254 1704 vale:
270 1656 339 1704 feror
351 1657 449 1718 ingenti
464 1658 622 1706 circumdate
636 1666 711 1706 noete

66 1744 245 1807 invalidasque
258 1745 303 1792 tibi
317 1746 424 1793 tendens
437 1745 487 1794 ireu
501 1760 552 1793 non
567 1753 610 1794 trra
624 1739 743 1809 palmes.²

67 1833 133 1880 dixit
145 1840 171 1881 ct
183 1847 214 1880 ex
228 1834 309 1881 oculis
323 1834 415 1893 subito,
433 1849 479 1883 ceu
492 1835 577 1882 fumus
590 1835 616 1881 in
631 1849 707 1882 auras

67 1922 221 1969 commixtus
235 1930 333 1981 tenues,
349 1924 415 1984 fugit
428 1925 536 1981 diverse,
552 1938 636 1986 neque
650 1924 732 1980 illurn,

67 2018 232 2073 prensantem
245 2011 403 2073 nequiquam
416 2011 519 2060 umbras
533 2020 557 2060 et
570 2013 651 2061 multa
667 2012 796 2060 volentem

68 2099 162 2157 dicere,
179 2108 310 2161 practerea
322 2100 394 2158 vidit,
410 2115 457 2148 nee
471 2101 579 2162 portitor
592 2100 653 2150 Orci

67 2187 179 2249 emplius
194 2188 321 2236 obiectam
335 2204 425 2250 passus
439 2190 548 2238 transire
562 2191 692 2252 paludem.

68 2276 130 2338 quid
144 2275 257 2325 faceret?
277 2292 328 2338 quo
342 2291 369 2324 se
382 2286 457 2340 rupta
470 2278 508 2326 bis
522 2279 632 2339 coniuge
645 2278 737 2327 ferret?

68 2379 120 2426 quo
133 2365 193 2411 fletu
207 2380 304 2423 manos,
321 2381 372 2427 qua
385 2367 491 2415 numina
503 2382 566 2415 voce
579 2366 708 2415 moveret?

67 2453 115 2501 illa
128 2453 232 2515 quidem
246 2453 336 2515 Stygia
349 2455 429 2503 nabat
441 2455 493 2503 iem
505 2455 600 2517 frigide
614 2455 716 2504 cumbe.

68 2548 167 2603 septem
180 2542 253 2590 illum
267 2549 333 2590 totos
345 2543 486 2607 perhibent
498 2562 536 2597 ex
547 2547 645 2596 ordine
656 2555 769 2594 menses

61 2642 125 2689 rupe
135 2629 183 2677 sub
195 2632 267 2680 aeria
282 2633 381 2686 deserti
395 2638 431 2689 ed
447 2638 613 2708 Strymonis
625 2637 739 2689 undum
