1808 2956
334 174 359 212 P.
378 174 497 212 VEllGlLl
519 173 650 212 rinnoxls

164 331 225 394 quid
239 330 284 378 tihi
299 331 407 378 odorato
421 330 530 378 reseram
543 330 665 378 sudantia
678 329 751 392 ligno

164 420 331 481 balsamaque
344 428 369 468 et
382 420 459 468 bacas
472 434 572 482 semper
585 419 728 468 frondentia
742 419 838 469 acauth:

95 514 143 557 120
163 508 225 571 quid
239 522 346 556 nemora
358 508 517 571 Aethiopum
530 508 602 556 molli
617 508 739 558 canentia
750 509 828 558 lana?

163 598 309 660 velleraque
322 605 351 645 ut
363 597 432 644 foliis
446 598 584 659 depectant
597 597 684 644 tenuia
697 596 789 647 Seres?

163 694 208 735 aut
220 701 285 749 quos
300 685 405 735 Oceano
418 686 525 748 propior
537 686 603 746 gerit
615 686 691 734 India
704 687 786 746 lucos,

163 776 269 825 extremi
284 775 355 822 sinus
369 774 448 833 orbis,
463 775 505 822 uhi
521 789 581 822 aera
593 775 694 823 vincere
707 790 835 823 summam

164 865 262 913 arboris
276 864 345 911 haud
359 864 428 910 ullae
441 863 509 911 iactu
522 871 629 925 potuere
642 863 772 925 sagittae?

95 959 143 1001 125
163 962 188 1002 et
200 968 264 1015 gens
277 953 323 1000 illa
336 952 440 1014 quidem
453 953 561 1014 sumptis
575 968 627 1000 non
641 953 715 1000 tarda
728 952 839 1016 phaselli

163 1042 250 1090 Media
263 1041 311 1088 fert
324 1041 403 1087 tristis
416 1055 491 1088 sucos
506 1042 659 1103 tardumque
673 1056 794 1103 saporem

163 1130 246 1178 felicis
259 1129 330 1187 mali,
346 1143 398 1191 quo
412 1144 464 1176 non
478 1131 639 1192 praesentius
652 1131 745 1189 ullum,

163 1219 259 1280 pocula
271 1217 399 1280 siquando
413 1233 504 1266 saevae
516 1219 628 1267 infecere
641 1233 767 1268 novercae

164 1307 385 1370 [miscueruntque
398 1307 490 1355 herhas
504 1315 529 1356 et
541 1323 593 1354 non
607 1308 715 1356 innoxia
728 1308 828 1373 verba],

95 1402 142 1444 130
163 1396 289 1444 auxilium
301 1397 370 1444 venit
383 1413 412 1444 ac
425 1396 546 1444 membris
560 1397 614 1458 agit
627 1404 683 1445 atra
695 1412 804 1446 venena.

163 1486 219 1548 ipsa
232 1485 322 1545 ingens
337 1485 412 1532 arbos
425 1486 568 1548 faciemque
582 1486 715 1533 simillima
728 1487 803 1542 lauro

163 1573 208 1636 (et,
224 1573 245 1621 si
259 1588 312 1620 non
325 1573 406 1621 alium
419 1574 470 1622 late
483 1575 590 1622 iactaret
604 1575 719 1634 odorem,

164 1665 251 1711 laurus
265 1662 346 1724 erat.):
368 1662 432 1710 folia
444 1663 513 1710 haud
528 1663 588 1710 ullis
602 1663 717 1711 labentia
729 1665 827 1724 ventis3

163 1752 209 1800 flos
223 1752 255 1799 ad
270 1751 353 1814 prima
366 1759 458 1810 tenax3
479 1752 579 1799 animas
593 1759 617 1799 et
630 1751 729 1799 olentia
742 1753 812 1802 Medi

95 1847 143 1890 135
164 1857 210 1889 ora
222 1841 309 1890 fovent
321 1843 368 1890 illo
382 1849 407 1890 et
419 1840 523 1891 senibus
537 1841 699 1888 medicantur
711 1842 822 1891 anhelis.

199 1929 250 1979 Sed
263 1946 347 1993 neque
360 1931 495 1979 Medorum
508 1931 588 1978 silvae
602 1931 728 1978 ditissima
740 1939 809 1979 terra

164 2034 211 2068 nec
223 2019 332 2082 pulcher
345 2017 449 2080 Ganges
463 2027 540 2081 atque
554 2034 617 2067 auro
631 2018 749 2067 turbidus
763 2019 839 2068 Herm

163 2108 283 2157 laudibus
297 2109 388 2156 ltaliae
401 2115 506 2166 certent,
522 2123 575 2155 non
588 2109 683 2157 Bactra
696 2123 781 2170 neque
793 2108 839 2157 Iud

164 2205 269 2260 totaque
283 2197 394 2245 turiferis
407 2197 541 2245 Panchaia
553 2198 657 2259 pinguis
672 2197 785 2246 harenis.

96 2292 145 2335 140
164 2287 228 2336 haec
241 2287 300 2334 loca
313 2300 366 2332 non
379 2285 445 2332 tauri
459 2286 586 2348 spirantes
599 2285 704 2333 naribus
717 2286 806 2348 ignem

163 2377 288 2425 invertere
300 2374 362 2422 satis
375 2374 486 2422 inmanis
500 2374 618 2423 dentibus
631 2374 704 2436 hydri

164 2479 212 2514 nee
223 2463 306 2526 galeis
320 2464 457 2526 densisque
470 2464 552 2511 virum
565 2479 637 2524 seges
651 2463 751 2511 horruit
763 2463 840 2513 hastis

164 2553 209 2603 sed
221 2553 344 2615 gravidae
357 2551 443 2614 fruges
457 2559 482 2600 et
493 2553 590 2601 Bacchi
604 2553 729 2601 Massicus
743 2568 819 2603 umor

165 2643 303 2706 inplevere,
318 2648 407 2690 tenent
419 2642 493 2690 oleae
506 2650 672 2704 armentaque
684 2641 762 2690 laeta.
