1808 2956
69 185 129 233 486
306 193 333 234 Ρ.
349 193 472 233 venenu
491 191 624 233 maome

136 351 224 411 ignavi
237 351 377 399 Aeneadae
389 365 437 399 nec
450 364 516 413 quae
530 351 652 412 pepigere
665 359 797 400 recusent

138 440 300 500 congredior.
328 439 367 487 ier
377 454 460 497 sacra,
475 447 557 501 peter,
573 448 598 487 et
611 439 723 501 concipe
736 439 834 486 foedus.

138 537 183 575 aut
195 528 244 576 hac
256 527 419 574 Dardanium
433 528 524 576 dextra
536 526 583 575 sub
596 527 709 575 Tartara
723 528 832 583 mittam,

87 621 117 664 15
138 617 292 664 desertorem
307 615 385 663 Asiae
397 615 516 677 (sedeant
528 623 697 678 spectentque
711 615 813 679 Latini)

137 712 163 753 et
175 706 245 753 solus
259 705 325 752 ferro
339 703 436 751 crimen
449 718 585 752 commune
597 704 728 763 refellam,

138 803 182 842 eut
195 793 289 841 habeat
301 793 390 849 victos,
407 792 481 840 cedat
493 791 602 839 Lavinia
615 785 753 840 coniunx.²

173 881 227 930 Olli
240 877 329 929 sedato
343 880 476 942 respondit
488 881 566 928 corde
579 880 699 928 Latinus.

134 960 161 1017 ‘o
175 977 307 1033 praestans
322 970 400 1018 enimi
414 969 522 1026 iuvenis,
538 976 664 1031 quantum
676 969 735 1032 ipse
748 969 827 1019 feroci

85 1064 118 1106 20
139 1059 228 1106 virtute
242 1074 376 1121 exuperas,
392 1065 464 1106 tanto
477 1072 518 1105 me
531 1057 664 1119 inpensius
678 1067 797 1107 aecumst

137 1148 271 1195 consulere
281 1155 358 1208 atque
368 1147 451 1193 onmis
461 1154 615 1194 metuentem
627 1148 778 1209 expendere
785 1161 858 1196 casm.

137 1243 197 1282 suut
209 1235 254 1282 tibi
268 1249 349 1295 regna
361 1235 440 1296 patris
453 1234 551 1291 Dauni,
566 1241 625 1280 sunt
639 1235 740 1296 oppida
754 1243 829 1298 capta

137 1323 219 1371 multa
237 1338 316 1370 manu
335 1338 382 1370 nec
401 1337 452 1369 non
473 1337 616 1384 aurumque
629 1323 788 1388 animusque
800 1323 861 1373 Lati-

437 1419 504 1459 nost.

137 1507 196 1548 sunt
209 1500 275 1549 aliae
289 1501 412 1563 innuptae
425 1500 501 1548 Latio
515 1507 540 1548 et
552 1500 727 1549 Laurentibus
741 1504 817 1561 arvis,

85 1593 117 1636 25
138 1603 185 1637 nec
204 1604 286 1650 genus
305 1590 447 1638 indecores.
475 1590 531 1637 sine
548 1605 589 1637 me
609 1589 673 1638 haec
695 1591 766 1639 haud
781 1590 862 1640 mollia

438 1678 492 1725 fatu

138 1767 246 1816 sublatis
259 1767 358 1829 aperire
372 1767 447 1814 dolis.
468 1767 545 1814 simul
560 1767 610 1814 hoc
623 1766 710 1814 animo
726 1768 811 1826 hauri,

138 1869 179 1902 me
192 1864 280 1903 natam
293 1855 357 1903 nulli
370 1861 483 1902 veterum
496 1855 596 1903 sociare
609 1870 750 1918 procorum

138 1944 176 1991 fus
196 1952 265 2002 erat,
287 1945 364 2006 idque
384 1958 472 1991 omues
492 1945 595 2007 divique
607 1944 781 2008 hominesque
795 1958 863 1994 cane·

437 2032 508 2080 bant.

136 2121 217 2168 victus
231 2136 318 2168 amore
331 2121 378 2179 tui,
394 2129 506 2183 cognato
520 2122 646 2183 sanguine
659 2122 753 2181 victus,

84 2214 116 2256 ³0
137 2209 254 2271 coniugis
268 2218 293 2257 et
305 2216 418 2257 maestae
431 2210 553 2269 lacrimis,
569 2211 654 2258 vincla
666 2212 758 2260 omnia
772 2212 842 2275 rupi:
903 2257 904 2276 ,

136 2298 288 2360 promissam
302 2298 385 2359 eripui
398 2313 503 2359 genero,
519 2313 591 2345 arma
604 2298 675 2360 inpia
689 2302 798 2363 sumpsi.

137 2402 168 2435 ex
181 2387 228 2434 ille
242 2387 285 2449 qui
298 2401 340 2434 me
353 2402 436 2445 casus,
452 2403 527 2450 (prae,
543 2387 638 2445 Turne,
655 2397 800 2450 sequnntur

136 2475 206 2524 bella
218 2476 296 2533 vides,
313 2483 423 2537 quantos
437 2481 534 2538 primns
548 2477 646 2538 patiare
659 2476 774 2526 labores.

136 2563 174 2612 bis
188 2579 283 2626 magna
295 2563 354 2612 victi
368 2579 457 2628 pugna
469 2565 512 2612 vix
526 2565 588 2612 urbe
604 2573 706 2612 tuemur

68 2660 103 2706 35
125 2674 187 2725 spes
203 2659 297 2721 Italas,
314 2656 433 2708 rccalent
444 2661 536 2703 nestra
546 2651 675 2697 'litterius
682 2651 783 2697 luente
