1808 2956
279 192 428 233 AENEIDOS
445 195 533 234 LIBER
549 197 578 235 V.
764 189 822 236 261

100 352 189 399 tertias
202 350 328 412 Euryalus
338 367 344 409 3

99 440 291 501 Euryalumque
305 438 427 501 Helymus
447 441 577 502 sequitur;
598 457 649 503 quc
670 443 762 491 deinde
781 444 827 492 sub

400 529 456 590 ipsc

100 632 159 665 eece
172 619 242 665 volat
255 618 403 680 calcemque
417 618 475 664 terit
488 617 539 664 inm
553 618 623 665 calce
636 618 738 677 Diores,

48 711 78 754 25
100 706 250 753 incumbens
264 721 368 765 nmer03
389 707 473 768 spatia
486 706 543 753 etsi
556 707 631 767 plura
644 709 779 770 supersint,

100 800 213 842 transeat
226 795 327 856 elapsus
340 795 411 856 prior
425 794 603 855 ambiguemve
616 797 753 858 relinquat.

99 883 203 945 iamque
216 883 267 930 scre
281 883 363 944 spatio
378 890 491 930 extreme
506 883 617 944 fessique
631 885 677 930 sub
691 885 774 946 ipsam

99 971 176 1018 finem
189 971 370 1029 adventabant,
386 973 434 1019 levi
449 987 507 1019 cum
520 973 645 1032 sanguiue
659 972 735 1019 Nisus

100 1058 195 1106 labitur
206 1059 306 1119 infelix,
323 1061 402 1107 caesis
417 1067 444 1107 ut
456 1060 522 1108 forte
535 1061 647 1108 iuvencis

48 1153 79 1196 30
100 1148 170 1195 fusus
190 1148 297 1195 humum
317 1149 455 1210 viridisque
477 1164 553 1211 super
566 1149 747 1197 >madefecerat
771 1151 827 1198 her-

401 1237 455 1284 bas.

99 1325 142 1373 hic
154 1325 252 1373 iuvenis
266 1326 318 1372 iam
331 1327 412 1374 victor
425 1341 503 1373 ovans
517 1326 624 1386 vestigia
637 1340 725 1388 presso

100 1413 168 1460 haud
183 1415 265 1461 tenuit
277 1414 386 1462 titubata
399 1415 464 1473 solo,
480 1416 523 1462 sed
538 1430 634 1476 pronus
648 1415 744 1477 inipso

102 1503 214 1550 concidit
227 1503 403 1564 inmundoque
417 1503 477 1551 limo
491 1518 615 1564 sacroque
629 1517 726 1550 cruore.

101 1605 152 1637 non
167 1599 252 1638 tamen
266 1591 380 1653 Euryali,
396 1606 448 1638 non
462 1592 506 1639 ille
520 1591 615 1638 oblitus
629 1605 760 1637 amorum:

48 1685 79 1728 35
102 1694 162 1726 narn
175 1694 230 1726 sese
243 1681 364 1741 apposuit
377 1678 448 1727 Salio
462 1694 507 1741 per
520 1679 619 1727 lubrica
632 1693 756 1739 surgens,

100 1768 145 1815 ille
158 1775 243 1814 autem
256 1768 338 1829 spissa
350 1768 429 1815 iacuit
442 1768 571 1815 revolutus
585 1767 690 1815 harena.

100 1857 194 1904 emicat
207 1856 333 1918 Euryalus
348 1864 373 1904 et
385 1871 491 1904 munere
504 1856 584 1903 victer
598 1855 673 1902 amici

100 1945 182 2006 prima
196 1952 266 1992 tenet
278 1945 421 2006 plausuque
434 1947 504 1993 volat
517 1945 670 2006 fremituque
684 1944 807 1991 secundo.

100 2043 159 2095 post
172 2033 295 2094 Helymus
309 2033 385 2090 subit,
402 2040 426 2080 et
439 2047 508 2080 nunc
521 2033 595 2080 tertia
608 2031 807 2094 palmaDiores.

48 2130 80 2170 te
101 2122 143 2170 hic
157 2130 238 2169 10111111
252 2136 343 2170 careae
357 2135 505 2168 consessum
518 2121 629 2182 ingentis
644 2128 669 2168 et
682 2135 728 2168 ora

99 2212 184 2273 prima
197 2219 299 2273 patrum
312 2211 413 2270 magnis
427 2208 512 2256 Salius
526 2209 681 2257 clamoribus
695 2209 776 2270 inplet

101 2307 267 2361 ereptumque
281 2299 341 2344 dole
355 2298 427 2344 reddi
441 2297 488 2344 sibi
502 2298 585 2359 poscit
598 2298 730 2344 honorem.

101 2395 199 2435 tutatur
211 2388 282 2434 favor
296 2387 445 2447 Euryalum,
462 2387 635 2448 lacrimaeque
649 2385 766 2443 decorae,

81 2535 83 2539 y
100 2477 198 2538 gratior
211 2483 236 2525 et
248 2476 357 2538 pulchre
370 2475 475 2522 veniens
489 2475 515 2520 in
529 2488 636 2535 corpore
649 2473 736 2519 virtus.

48 2570 81 2613 45
102 2566 207 2613 adiuvat
220 2572 245 2613 et
258 2579 353 2624 magna
366 2563 512 2626 proclamat
522 2561 709 2617 100011101οεἸ

96 2653 141 2712 qui
152 2653 232 2702 subiit
241 2654 349 2717 palmae
364 2654 522 2720 frustraque
536 2654 572 2704 ad
583 2639 804 2719 qraeubasen'xt
