1808 2956
251 200 398 240 AENEIDOS
418 201 506 239 LIBER
523 202 563 240 1v.
744 192 802 238 237

80 373 215 420 exequere,
231 357 318 416 Anna,
334 358 411 405 mihi:
432 358 516 405 sclam
528 372 589 404 num
602 358 714 420 perfidus
727 358 771 406 ille

80 454 105 495 te
119 448 211 505 colere,
229 461 337 494 arcanos
351 447 429 494 etiam
442 445 488 492 tibi
502 446 605 494 credere
618 460 724 506 sensus3

80 536 137 584 sole
150 536 197 583 viri
210 535 296 583 mollis
310 535 394 583 editus
408 542 433 582 et
446 542 563 597 tempora
575 549 668 583 noras:

80 626 98 684 i,
114 640 195 682 soror,
212 631 289 686 atque
301 624 402 671 hostem
416 625 525 686 supplex
538 623 626 671 adfare
639 623 786 685 superbum.

34 719 60 762 25
80 729 132 761 non
149 728 196 774 ego
211 727 269 760 cum
280 712 380 760 Danais
394 712 536 760 Troianam
556 713 692 760 excindere
705 719 808 773 gentem

79 803 176 851 Aulide
189 802 269 850 iurevi
284 801 468 874 classemvetad
482 801 609 863 Pergama
621 801 688 860 misi,

80 906 128 939 nec
142 890 221 953 patris
234 890 366 939 Anchisae
380 891 492 938 cinerem
505 903 624 937 menesve
637 889 740 937 revelli:

82 994 126 1028 cur
139 993 197 1027 meu
211 979 280 1027 dictu
293 987 372 1040 neget
385 980 461 1026 dures
476 979 609 1026 demittere
621 978 647 1024 in
661 978 748 1026 euris?
775 988 778 992 ’

82 1083 133 1131 quo
159 1068 226 1115 ruit?
257 1074 400 1116 extremum
424 1068 474 1115 hoc
503 1067 612 1115 miserae
642 1067 685 1115 det
714 1081 808 1115 munus

383 1157 489 1215 emanti,

34 1250 62 1293 30
82 1251 199 1307 expectet
211 1244 365 1306 facilemque
378 1244 467 1306 fugam
480 1253 621 1308 ventosque
634 1245 747 1294 ferentis.

81 1347 134 1380 non
147 1334 199 1380 iem
213 1334 363 1395 coniugium
377 1335 499 1391 anticum,
516 1335 585 1395 quod
599 1334 728 1396 prodidit,
750 1348 806 1397 ore,

81 1437 129 1470 nec
141 1423 250 1485 pulchro
263 1429 292 1470 ut
303 1423 379 1470 Latio
394 1429 480 1470 careat
492 1436 651 1485 regnumque
664 1423 808 1485 relinquet3

81 1518 181 1574 tempus
194 1511 272 1559 inane
285 1520 354 1574 peto,
370 1511 486 1574 requiem
500 1511 663 1573 spatiumque
676 1512 766 1571 furori,

82 1600 144 1646 dum
157 1614 215 1647 mee
227 1614 268 1648 me
281 1600 374 1648 victam
388 1601 480 1648 doceat
492 1599 595 1646 fortuna
608 1599 704 1648 dolere.

34 1694 61 1737 35
81 1695 223 1736 extremam
235 1689 304 1736 hanc
317 1703 362 1736 oro
376 1689 478 1736 veniam
491 1688 623 1749 (miserere
637 1689 760 1752 sororiu);

82 1792 160 1839 quem
179 1777 242 1824 mihi
263 1792 321 1826 cum
342 1777 457 1835 dederis,
484 1777 642 1824 cumulatum
665 1785 746 1825 morte
770 1792 809 1825 re-

383 1856 502 1912 mittum.³

116 1953 223 2002 Talibus
237 1955 335 2013 orabat,
352 1954 462 2016 telisque
475 1953 619 2002 miserrime
630 1953 704 2001 fletus

82 2042 181 2105 fertque
194 2042 322 2105 refertque
335 2057 417 2090 soror.
446 2042 490 2089 sed
504 2042 583 2089 nullis
596 2042 641 2090 ille
653 2049 770 2091 movetur

80 2131 181 2179 fletibus
195 2138 240 2178 aut
252 2146 326 2180 voces
339 2132 406 2179 ullus
420 2131 561 2178 tractabilis
576 2131 660 2178 audit:

34 2226 63 2269 to
83 2221 136 2290 feta
149 2220 253 2268 obstant
265 2220 432 2282 placidasque
445 2220 491 2266 viri
506 2220 568 2267 deus
583 2219 693 2266 obstruit
704 2220 783 2267 euris.

82 2324 112 2357 uc
124 2309 194 2356 velut
207 2323 307 2356 annoso
320 2308 432 2355 validum
445 2323 504 2356 cum
516 2307 608 2355 robore
623 2322 746 2369 quercum

81 2398 172 2459 Alpini
186 2397 280 2445 boreae
293 2411 362 2444 nunc
376 2397 436 2444 hinc
449 2411 519 2444 nunc
531 2396 633 2444 fletibus
647 2396 721 2443 illinc

82 2500 171 2534 eruere
184 2487 250 2534 inter
263 2500 290 2533 se
304 2491 418 2544 certant3
438 2485 459 2531 it
471 2485 566 2532 stridor
579 2492 604 2532 et
617 2485 686 2532 elme

83 2581 250 2622 consternunt
262 2581 356 2623 terrem
371 2590 504 2626 concussu
518 2574 613 2638 stiqite
624 2569 763 2619 frendes-2

35 2666 51 2706 5
68 2661 126 2722 ipse
139 2662 232 2711 haeret
244 2668 368 2731 scopulis
385 2675 413 2719 et
426 2675 575 2734 quantum
583 2660 695 2712 uertice
708 2651 749 2698 eb
760 2648 853 2692 *W*
