1808 2956
59 186 97 234 20
297 196 323 234 P.
340 195 461 233 VERGlLl
481 193 612 232 MARONIS

76 357 107 400 55
128 352 180 399 iam
193 352 293 414 pridem
306 350 433 407 Stimicon
446 350 562 398 laudavit
574 351 689 398 carmina
701 352 787 400 nobis.

162 456 208 488 un.
231 439 364 489 Candidus
377 438 505 486 insuetum
518 439 626 486 miratur
639 439 716 487 limen
731 438 836 504 Olympi

126 528 173 576 sub
186 528 346 591 pedibusque
360 527 428 574 videt
442 526 521 575 nubes
535 534 560 575 et
573 527 658 575 sidera
669 528 799 590 Daphnis.

127 631 188 678 ergo
202 617 295 665 alacris
309 617 385 664 silvas
398 623 424 664 et
437 624 521 663 cetera
534 630 594 662 rura
607 617 724 679 voluptas

126 705 250 768 Panaque
263 712 430 768 pastoresque
443 711 513 752 tenet
526 704 687 767 dryadasque
700 706 810 766 puellas.

74 798 106 840 60
127 809 174 842 uec
187 795 262 857 lupus
276 793 383 840 insidias
396 792 485 855 pecori
500 807 547 840 nec
560 793 624 840 retia
638 794 717 840 cervis

126 883 181 929 ulla
194 880 282 930 dolum
296 880 467 939 meditantur;
482 887 552 927 amat
564 880 647 928 bonus
659 881 713 928 otia
723 881 847 944 Daphnis,

126 969 175 1030 ipsi
188 969 287 1017 laetitia
299 983 373 1016 voces
388 969 419 1014 ad
433 969 519 1016 sidera
531 969 629 1017 iactant

127 1057 224 1104 intonsi
237 1063 345 1113 montes,
361 1057 432 1118 ipsae
445 1057 497 1104 iarn
511 1058 625 1105 carmina
638 1072 722 1120 rupes,

127 1145 184 1207 ipsa
197 1152 291 1192 sonant
303 1144 421 1192 arbusta:
438 1145 508 1204 deus,
525 1146 587 1194 deus
600 1146 654 1204 ille,
671 1147 798 1193 Menalca.

76 1238 107 1280 65
128 1233 163 1280 sis
176 1233 258 1280 bonus
272 1248 287 1280 o
301 1232 415 1295 felixque
428 1235 492 1282 tuis!
513 1249 545 1282 en
559 1243 680 1297 quattuor
693 1250 764 1282 aras:

128 1336 187 1370 ecce
201 1322 264 1369 duas
278 1322 332 1381 tibi,
347 1322 463 1384 Daphni,
479 1323 542 1370 duas
557 1324 649 1371 altaria
661 1323 776 1370 Phoebo.

128 1410 222 1472 pocula
235 1409 296 1456 bina
308 1425 374 1458 novo
388 1412 534 1473 spumantia
547 1413 613 1460 lacte
627 1419 691 1474 quot
704 1411 778 1457 annis

126 1505 291 1561 craterasque
304 1499 369 1546 duos
382 1506 492 1547 statuam
506 1500 552 1547 tibi
565 1501 667 1563 pinguis
681 1500 751 1558 olivi,

128 1593 153 1634 et
165 1588 245 1634 multo
258 1588 286 1634 in
299 1587 388 1650 primis
401 1588 515 1636 hilarans
529 1589 646 1636 convivia
658 1589 771 1646 Baccho,

77 1677 109 1722 70
129 1681 188 1723 ente
200 1675 295 1734 focum,
311 1677 331 1723 si
345 1676 426 1737 frigus
439 1677 494 1734 erit,
510 1677 532 1724 si
545 1677 643 1735 messis,
659 1677 686 1723 in
700 1677 799 1734 umbra,

112 1787 114 1791 ¹
128 1763 187 1811 vina
200 1778 293 1811 novom
307 1764 412 1811 lundam
426 1765 534 1812 calathis
547 1765 653 1812 Ariusia
665 1771 761 1812 nectar.

128 1852 270 1917 cantabunt
281 1852 344 1900 mihi
357 1852 498 1898 Damoetas
512 1859 536 1899 et
548 1852 653 1912 Lyctius
667 1853 768 1911 Aegon,

127 1941 245 1988 saltantis
258 1946 356 2002 satyros
369 1938 512 1986 imitabitur
523 1937 723 1999 Alphesiboeus

127 2027 192 2076 baec
205 2028 250 2076 tibi
264 2041 365 2089 sempor
377 2031 458 2082 erunt,
475 2031 500 2072 et
512 2039 571 2072 eum
584 2025 720 2072 sollemnia
732 2031 792 2070 vota

76 2119 108 2163 75
129 2116 264 2163 reddemus
278 2113 397 2179 nymphis
410 2119 507 2160 etcum
522 2110 687 2159 lustrabimus
701 2126 786 2173 agros.

128 2203 190 2250 dum
201 2204 263 2264 iuga
275 2201 370 2249 montis
383 2214 457 2261 aper,
476 2200 567 2247 fluvios
581 2199 642 2247 dum
654 2200 731 2263 piscis
746 2202 847 2263 amabit,

128 2290 240 2352 dumque
254 2289 341 2351 thymo
354 2296 492 2350 pascentur
504 2304 574 2352 apes,
592 2290 653 2337 dum
666 2305 723 2338 rore
737 2291 842 2341 cicadae

127 2391 228 2440 semper
245 2378 328 2425 honos
348 2392 495 2441 nomenque
513 2385 586 2427 tuum
602 2380 744 2442 laudesque
767 2396 832 2428 man«

427 2467 499 2516 bunt.

127 2560 156 2601 ut
167 2553 271 2602 Baccho
285 2553 434 2619 Cererique,
449 2558 495 2606 tibi
508 2558 545 2606 sio
557 2566 617 2606 vota
631 2565 694 2622 quot
707 2559 782 2606 annis

76 2647 108 2692 80
128 2640 259 2703 agricolae
272 2643 383 2705 facient3
403 2646 537 2695 damnabis
551 2654 579 2694 tu
592 2661 697 2710 quoque
709 2647 774 2694 votis
