1808 2956
272 183 421 224 nnunmos
441 185 528 224 arnna
545 187 585 225 rr.
765 175 828 224 233

101 341 187 399 odere,
203 341 296 389 infensi
309 341 380 403 Tyrii
391 358 397 400 3
418 348 443 390 te
454 350 559 405 propter
572 343 681 391 eundem

101 430 229 479 extinctus
242 431 326 492 pudor
339 438 365 479 et
377 447 429 493 qua
441 432 498 479 sola
510 431 595 479 sidera
608 431 712 479 adibam

101 518 171 567 fama
184 519 262 581 prior.
291 520 332 567 cui
345 534 387 568 me
399 519 581 567 moribundam
595 519 700 578 deseris,
716 520 832 584 hospes?

101 608 152 657 boc
164 608 250 655 solum
263 622 359 656 nomen
373 608 497 670 quoniam
511 608 543 656 de
557 608 667 669 coniuge
680 615 766 656 restat.

48 702 81 745 25
102 697 164 759 quid
191 695 296 744 moror?
322 711 355 743 an
378 710 437 744 mea
459 696 614 758 Pygmalion
637 697 698 743 dum
726 698 833 746 moenia

401 784 480 832 frater

101 873 215 922 destruat
228 880 273 920 aut
285 881 388 935 captam
401 873 479 920 ducat
492 870 617 921 Gaetulus
630 873 738 921 Iarbas?

101 963 192 1010 saltem
205 962 281 1023 siqua
293 962 356 1009 mihi
371 962 403 1009 de
415 968 441 1008 te
454 968 573 1023 suscepta
586 961 676 1010 fuisset

101 1059 161 1099 ante
173 1050 262 1112 sugam
276 1050 389 1108 suboles,
405 1049 485 1111 siquis
498 1049 562 1096 mihi
575 1051 696 1112 parvolas
710 1052 771 1101 aula

100 1140 201 1188 luderet
212 1140 316 1187 Aeneas
330 1139 374 1200 qui
387 1145 412 1186 te
425 1145 511 1186 tamen
525 1153 569 1187 ore
583 1140 695 1199 referret,

48 1235 81 1278 30
101 1243 154 1276 non
167 1229 287 1290 equidem
301 1228 406 1275 omnino
420 1234 496 1290 eapte
509 1243 539 1275 ae
553 1228 654 1276 deserta
666 1221 784 1278 viderer.'

135 1317 253 1364 Dixerat.
281 1317 326 1363 ille
339 1315 406 1362 Iovis
420 1315 524 1363 monitis
538 1317 637 1364 inmota
649 1318 753 1367 tenebat

100 1406 199 1453 lumina
211 1413 237 1453 et
250 1405 360 1467 obnixus
374 1419 462 1452 curam
475 1405 522 1452 sub
537 1407 614 1454 corde
626 1407 767 1469 premebat.

100 1495 204 1542 tandem
216 1509 301 1556 pauca
313 1493 397 1541 refert.
421 1484 481 1554 ‘ego
498 1501 523 1542 te
541 1509 607 1557 quae
624 1495 736 1557 plurima
748 1495 830 1544 fando

99 1598 249 1632 enumerare
263 1584 332 1631 vales
345 1597 496 1644 numquam,
512 1583 610 1644 regina,
626 1584 728 1645 negabo

48 1677 78 1721 35
99 1672 265 1735 promeritam
279 1686 325 1719 nee
338 1685 380 1718 me
392 1671 539 1719 meminisse
552 1672 651 1734 pigebit
663 1672 762 1721 Elissae

101 1762 162 1808 dum
168 1775 269 1808 memor
281 1761 336 1822 ipse
349 1759 409 1817 mei,
426 1760 487 1806 dum
494 1760 598 1822 spiritus
611 1760 733 1822 hosregit
746 1767 825 1809 artus.

98 1864 146 1913 pro
159 1864 185 1897 re
199 1864 284 1912 pauca
296 1849 397 1911 loquar.
428 1862 512 1910 neque
525 1862 573 1909 ego
587 1848 654 1896 hanc
668 1848 829 1898 abscondere

400 1936 468 1983 surm

98 2027 197 2089 sperari
212 2025 257 2088 (ne
270 2025 349 2088 linge)
363 2025 452 2085 frigam
465 2039 512 2073 nee
526 2025 643 2086 coniugis
656 2041 781 2088 umquam
845 2016 849 2023 ⁵

97 2116 231 2178 praetendi
246 2115 334 2162 taedas
348 2121 392 2161 aut
405 2113 469 2162 haee
482 2114 509 2160 in
522 2113 627 2161 foedera
639 2114 705 2161 veni.

48 2209 78 2253 to
97 2218 138 2252 me
151 2204 171 2251 si
186 2203 239 2252 fata
251 2203 314 2251 meis
329 2209 476 2265 paterentur
494 2202 587 2250 ducere
600 2203 678 2250 vitam

97 2292 218 2355 auspiciis
232 2299 257 2339 et
269 2298 361 2353 sponte
375 2304 431 2338 mea
444 2304 591 2353 conponere
604 2304 688 2349 curas,

96 2381 187 2429 urbem
199 2380 341 2428 Troianam
355 2379 466 2442 primum
480 2380 614 2442 dulcisque
627 2394 744 2428 meorum

96 2470 219 2532 reliquias
233 2470 353 2525 colerem,
368 2468 465 2515 Priami
479 2474 546 2516 tecta
560 2468 613 2515 alta
626 2477 761 2517 manerent

97 2566 123 2607 et
134 2558 246 2606 recidiva
260 2571 338 2604 manu
352 2557 501 2620 posuissem
509 2557 651 2619 Pergama
659 2554 753 2600 metis.

49 2651 68 2692 ‘5
86 2646 134 2692 sed
145 2661 215 2694 nrrnc
227 2646 338 2696 ltaliam
352 2664 490 2713 magnam
503 2648 637 2713 Gryneus
656 2637 779 2704 lupatio,
