1808 2956
61 167 124 215 298
303 177 329 215 Ρ.
346 176 467 216 VERGILI
488 176 619 217 MARONIS

132 332 197 380 talia
209 331 275 381 fatus
289 341 352 391 erut,
368 332 454 395 coepit
467 348 526 381 oum
539 334 603 382 talia
614 342 697 384 vetes.

129 409 209 469 ‘unde
222 421 295 480 haec,
311 436 326 469 ο
339 421 472 480 Palinure,
487 422 533 470 tibi
546 430 599 470 tam
613 423 670 473 dira
684 424 803 487 cupido?

132 516 160 556 tu
174 507 276 572 Stygias
289 508 437 558 inhumatus
451 525 531 572 aquus
545 525 702 574 amnemque
715 527 835 562 severum

60 600 112 645 375
131 596 303 646 Eumenidum
316 598 425 661 aspicies
439 598 554 660 ripamve
565 599 679 648 iniussus
693 601 799 650 adibis?

132 686 220 735 desine
233 686 286 735 fata
299 687 377 734 deum
388 687 455 736 flecti
468 703 570 750 sperare
582 689 725 751 precando.

131 775 176 824 sed
191 790 254 838 cepe
267 775 336 823 dicta
348 790 456 834 memor,
472 776 529 824 duri
543 776 643 826 solacis
655 791 747 825 casus:

131 877 193 910 nam
205 870 250 911 tua
262 863 373 923 finitimi,
390 864 467 926 louge
481 865 584 927 lateque
596 879 642 928 per
655 864 733 914 urbes

131 952 256 1014 prodigiis
270 953 320 1000 acti
334 952 496 1010 caelestibus,
513 967 572 1001 ossa
584 952 695 1019 piabunt

60 1043 113 1087 380
133 1048 158 1088 et
170 1047 282 1089 statuent
294 1042 422 1089 tumulum
435 1049 460 1089 et
472 1042 572 1089 tumulo
586 1042 726 1090 sollemnia
739 1042 844 1092 mittent

132 1135 316 1191 aeternumque
328 1130 401 1178 locus
414 1130 532 1178 Palinuri
546 1144 640 1178 nomen
653 1123 783 1179 habebit?

132 1215 172 1264 his
186 1217 260 1265 dictis
274 1232 350 1266 curae
363 1226 463 1267 emotae
477 1219 618 1281 pulsusque
631 1233 772 1281 parumper

132 1304 210 1354 corde
224 1306 299 1355 dolor
312 1307 376 1354 tristi
388 1323 394 1365 ;
415 1306 511 1368 gaudet
524 1306 680 1368 cognomine
693 1315 771 1355 terra.

166 1393 236 1457 Ergo
254 1395 301 1443 iter
319 1395 450 1458 inceptum
468 1403 595 1458 peragunt
611 1395 741 1458 fluvioque
759 1398 865 1461 propin·

434 1491 523 1547 quant.

60 1573 112 1620 385
133 1572 219 1621 navita
233 1587 297 1635 quos
311 1572 363 1621 iam
378 1572 438 1620 inde
452 1579 480 1620 ut
493 1571 584 1634 Stygia
595 1572 729 1635 prospexit
743 1573 776 1621 ab
796 1575 866 1623 nuda

132 1675 178 1722 per
190 1662 296 1709 tacitum
309 1675 398 1709 nemus
416 1660 453 1709 ire
472 1662 614 1723 pedemque
632 1661 765 1710 advertere
781 1663 863 1726 ripae,

130 1748 168 1797 sic
182 1750 253 1812 prior
265 1749 414 1812 adgreditur
427 1749 502 1797 dictis
516 1757 593 1812 atque
605 1748 722 1812 increpat
736 1750 817 1799 ultro.

128 1825 258 1902 ‘quisquis
271 1854 298 1888 es
311 1844 424 1886 armatus
438 1838 481 1899 qui
496 1846 585 1886 nostra
597 1837 629 1885 ad
643 1837 752 1886 flumina
769 1839 864 1897 tendis,

131 1925 186 1975 fere
199 1941 247 1989 ege
260 1926 322 1990 quid
336 1926 422 1974 veniae
434 1926 585 1984 immine,
602 1933 627 1974 et
639 1925 782 1988 comprime
795 1926 866 1989 gre'e·

433 2029 499 2062 sum.

58 2109 113 2153 39⁰
132 2104 282 2153 umbrarum
293 2102 336 2150 hic
348 2103 420 2151 locus
431 2112 477 2160 est,
492 2102 576 2150 somni
589 2102 723 2165 noctisque
736 2117 865 2166 soporae;

130 2209 241 2258 corpore
254 2193 310 2240 viva
323 2191 393 2240 nesus
407 2189 498 2253 Stygia
509 2199 610 2239 vectare
623 2190 720 2238 cerina

132 2298 180 2332 nec
193 2297 253 2332 vcro
265 2281 376 2330 Alciden
390 2294 431 2327 me
444 2294 501 2327 sum
514 2281 623 2328 laetatus
636 2287 739 2328 euntem

132 2371 262 2433 accepisse
276 2371 334 2418 lacu
347 2384 395 2418 nec
407 2369 508 2417 Thesea
520 2368 725 2430 Pirithoumque,

132 2461 171 2509 dis
184 2474 343 2524 quamquam
356 2457 436 2520 geniti
454 2464 531 2518 etque
548 2457 635 2505 invicti
653 2455 750 2504 viribus
768 2466 863 2506 essent.

60 2557 112 2600 3⁹5
132 2551 285 2600 Tartareum
298 2549 343 2597 illc
355 2562 433 2595 manu
447 2545 580 2594 custodem
593 2545 621 2592 iu
632 2544 719 2594 uincla
732 2546 832 2608 petivit,

112 2640 201 2705 ipsius
214 2658 230 2692 a
242 2641 315 2694 solio
328 2639 413 2705 regis,
427 2637 565 2700 erexitque
575 2640 751 2689 tremonem
