1808 2956
91 177 154 224 416
332 185 358 223 P.
375 184 496 223 l'EllGlLl
518 183 649 222 Mhnonrs

163 341 250 400 redde,
267 356 322 400 oro,
338 341 436 388 miseris
450 341 595 402 iterumque
608 340 740 388 revolvere
755 356 830 388 casus

163 430 205 488 du,
221 438 303 492 pater,
318 429 414 477 Iliacos
428 420 554 477 Teneris?
579 436 634 475 tum
647 428 721 490 regia
733 429 802 477 Iuno

164 526 222 566 acta
235 518 320 566 lurore
334 517 404 579 gravi
414 505 489 580 ‘quid
502 532 543 565 me
556 517 609 565 alta
622 516 729 564 silentia
742 520 816 579 cogis

164 621 281 669 rumpere
295 614 319 654 et
332 606 473 654 obductum
486 605 568 654 verbis
583 605 688 666 volgare
701 605 840 655 dolorem?

109 700 142 743 65
162 696 271 743 Aenean
284 694 418 742 hominum
432 695 570 756 quisquam
583 694 722 755 divomque
735 694 842 757 subegit

164 784 232 832 bella
245 783 317 845 sequi
333 791 376 831 aut
389 782 488 830 hostem
502 783 556 843 regi
570 796 597 829 se
610 781 705 830 inferre
718 781 834 831 Latino?

163 872 266 919 Italiam
280 871 339 918 fatis
352 870 426 933 petiit
439 871 602 918 auctoribus:
624 877 695 918 esto:

165 959 327 1008 Cassandrae
340 960 457 1022 inpulsus
471 960 559 1007 furiis:
581 974 643 1005 num
656 958 777 1021 linquere
791 970 869 1008 eastra

164 1049 259 1097 hortati
273 1063 359 1095 sumus
374 1055 418 1095 aut
430 1049 508 1095 vitam
522 1047 681 1096 committere
694 1048 798 1095 ventis?

110 1141 144 1187 70
164 1153 226 1184 num
240 1151 320 1200 puero
333 1151 460 1184 summam
474 1137 544 1194 belli,
560 1151 622 1183 num
636 1135 741 1183 credere
755 1151 853 1196 muros,

163 1224 375 1287 Tyrrhenamque
389 1225 464 1273 fidem
478 1232 522 1272 aut
534 1225 617 1286 gentis
632 1224 730 1285 agitare
745 1225 863 1287 quietas?

165 1314 221 1377 quis
236 1314 297 1361 deus
311 1313 337 1359 in
351 1313 477 1372 fraudem,
494 1327 560 1374 quae
574 1313 639 1359 dura
651 1313 771 1374 potentia
785 1314 867 1362 nostri

164 1401 234 1463 egit?
253 1401 296 1449 ubi
310 1401 353 1449 hic
365 1401 430 1448 luno
445 1401 585 1449 demissave
598 1399 710 1447 nubibus
723 1401 792 1449 Iris?

164 1490 300 1551 indignum
314 1498 352 1538 est
364 1489 444 1536 Italos
458 1489 564 1536 Troiam
577 1488 737 1537 circumdare
751 1490 863 1538 flammis

111 1582 145 1628 75
165 1587 314 1626 nascentem
328 1586 352 1626 et
365 1578 449 1640 patria
462 1578 579 1624 Turnum
594 1576 734 1625 consistere
748 1585 828 1635 terra,

165 1667 206 1715 cui
220 1667 355 1714 Pilumnus
368 1681 438 1722 aros,
454 1667 495 1714 cui
509 1666 568 1713 diva
581 1664 685 1713 Venilia
698 1673 798 1714 mater:

165 1755 226 1817 quid
240 1756 296 1803 face
309 1756 436 1803 Troianos
451 1762 507 1802 atra
519 1755 569 1801 vim
583 1754 648 1801 serre
662 1753 773 1814 Latinis,

165 1859 226 1892 arva
239 1845 325 1892 aliena
344 1845 406 1905 iugo
419 1858 534 1905 premere
548 1851 625 1905 atque
638 1849 752 1890 avertere
766 1845 869 1905 praedat

165 1933 226 1994 quid
240 1947 343 1981 soceros
356 1933 442 1994 legere
456 1940 480 1980 et
493 1933 596 1994 gremiis
610 1930 737 1979 abducere
750 1940 852 1993 pactas,

110 2025 145 2068 80
165 2036 256 2083 pacem
269 2035 343 2068 orare
355 2036 443 2078 manu,
459 2022 599 2083 praefigere
613 2018 742 2082 puppibus
756 2022 849 2068 arrha?

164 2117 191 2157 tu
204 2116 277 2171 potes
290 2110 398 2157 Aenean
412 2109 530 2157 manibus
544 2109 687 2156 subducere
701 2106 810 2155 Graium

164 2211 263 2259 proque
275 2197 329 2245 viro
343 2198 465 2245 nebulam
479 2206 504 2245 et
516 2205 604 2246 ventos
618 2197 758 2244 obtendere
772 2197 859 2245 inanis

164 2292 189 2333 et
201 2293 273 2348 potes
287 2285 313 2333 in
327 2286 434 2334 totidem
447 2288 556 2335 classem
570 2293 716 2334 convertere
730 2286 859 2349 nymphas

163 2389 211 2422 nos
225 2375 324 2437 aliquid
337 2374 446 2422 Rutulos
460 2382 550 2422 contra
563 2375 656 2422 iuvisse
669 2373 855 2422 nefandumst?

110 2466 143 2510 85
164 2466 266 2511 Aeneas
278 2464 383 2526 ignarus
397 2463 484 2511 abest:
506 2463 610 2524 ignarus
624 2469 649 2510 et
662 2462 736 2509 absit.

164 2559 202 2599 est
214 2551 319 2614 Paphus
332 2552 495 2614 Idaliumque
508 2551 563 2609 tibi,
579 2558 639 2598 sunt
651 2551 705 2598 alta
718 2548 849 2612 Cythera:

155 2642 221 2709 quid
227 2643 367 2709 gravidam
374 2641 453 2693 bellis
460 2639 553 2689 urbem
560 2638 869 2696 eteurdaasperutemqtu
