1808 2956
239 196 388 235 AENEIDOS
406 197 493 234 LIBER
510 197 572 235 vm.
741 190 801 236 365

73 352 176 410 maluit,
191 351 231 398 his
245 352 369 413 quoniam
382 352 499 400 latuisset
512 359 580 400 tutus
594 354 621 399 in
635 355 696 402 oris.

73 455 154 488 aurea
166 454 234 501 quae
246 439 382 501 perhibent
394 441 441 488 illo
455 441 501 488 sub
515 455 575 502 rege
589 442 660 490 suere

26 536 51 579 25
73 529 187 576 saecula.
216 528 253 575 sic
265 528 369 589 placida
382 530 492 591 populos
505 530 532 576 in
545 544 609 591 pace
622 530 737 592 regebat,

73 618 186 665 deterior
200 617 282 664 donec
295 617 430 678 paullatim
444 633 474 666 ac
488 618 593 665 decolor
606 624 677 665 aetas

74 712 100 754 et
113 705 174 752 belli
187 704 270 753 rabies
285 712 310 752 et
323 719 395 751 amor
408 706 531 753 successit
543 705 664 753 habendi.

73 801 130 841 turn
142 808 234 840 manus
246 793 367 840 Ausonia
380 801 405 840 et
417 803 506 855 gentes
520 808 611 842 venere
624 793 744 853 Sicanae,

74 882 177 944 saepius
191 888 216 929 et
228 896 323 929 nomen
336 881 422 943 posuit
435 880 556 930 Saturnia
569 883 644 930 tellus
655 899 661 940 3

26 978 54 1020 to
74 979 130 1019 tum
143 985 215 1032 reges
229 984 356 1032 asperque
368 970 466 1017 inmani
481 984 588 1031 corpore
601 970 721 1032 Thybris,

75 1075 91 1107 a
104 1073 156 1120 quo
170 1066 229 1121 post
241 1059 299 1106 Itali
313 1058 417 1105 fluvium
431 1059 585 1119 cognomine
598 1059 724 1122 Thybrim

74 1147 202 1206 diximus;
223 1147 309 1195 amisit
321 1161 409 1193 verum
422 1154 492 1194 vetus
505 1146 604 1195 Albula
616 1163 720 1196 nomen.

74 1250 116 1283 me
128 1236 231 1298 pulsum
244 1235 327 1296 patria
339 1236 477 1297 pelagique
491 1242 606 1283 extrema
618 1243 768 1298 sequentem

73 1324 190 1371 Fortuna
203 1324 366 1385 omnipotens
380 1332 405 1371 et
417 1324 583 1372 ineluctabile
596 1326 676 1372 fatum

26 1418 55 1462 35
76 1413 117 1459 his
131 1426 239 1474 posuere
253 1412 316 1459 loeis
330 1412 469 1474 matrisque
483 1427 557 1474 egere
570 1413 703 1461 tremenda

78 1499 223 1549 Carmentis
230 1500 358 1562 nymphae
371 1501 469 1548 monita
477 1507 502 1548 et
514 1501 577 1548 deus
589 1509 680 1550 auctor
686 1502 805 1564 Apollo.'

75 1589 120 1636 vix
132 1603 164 1637 ea
177 1589 259 1647 diota,
282 1589 375 1636 dehinc
392 1603 542 1650 progressus
556 1596 682 1637 monstrat
695 1598 720 1637 et
732 1605 804 1638 aram

76 1683 103 1725 et
115 1675 306 1725 Carmentalem
319 1677 429 1724 Romani
443 1677 547 1724 nomine
560 1686 663 1738 portam

77 1780 156 1828 quam
170 1774 322 1823 memorant,
338 1765 467 1827 nymphae
479 1765 593 1827 priscum
601 1764 744 1814 Carmentis
757 1767 804 1813 ho-

379 1869 477 1912 norem,

26 1949 57 1991 to
77 1941 142 1989 vatis
156 1941 284 1999 fatidicae,
301 1943 393 1991 cecinit
406 1957 472 2005 quae
485 1943 569 2004 prima
582 1941 681 1990 futuros

77 2031 215 2078 Aeneadas
229 2045 338 2091 magnos
351 2037 376 2078 et
388 2031 476 2079 nobile
488 2031 661 2079 Pallanteum.

77 2119 139 2166 hinc
152 2119 239 2166 lucum
252 2119 383 2180 ingentem
396 2134 472 2181 quem
484 2119 610 2167 Romulus
623 2133 683 2166 acer
694 2119 805 2181 Asylum

77 2207 176 2255 rettulit
188 2215 213 2254 et
225 2207 311 2267 gelida
324 2214 451 2256 monstrat
462 2207 509 2255 sub
522 2223 585 2270 rupe
598 2207 734 2270 Lupercal,

77 2294 217 2343 Parrhasio
230 2295 327 2342 dictum
340 2295 425 2343 Panos
440 2296 471 2343 de
483 2310 555 2344 more
568 2295 672 2357 Lycaei.

26 2390 57 2434 45
79 2398 126 2444 nec
139 2397 191 2430 non
204 2390 230 2431 et
241 2383 307 2431 sacri
320 2391 446 2431 monstrat
457 2398 547 2432 nemus
560 2383 670 2444 Argileti
694 2366 697 2372 ⁴

79 2478 238 2533 testaturque
251 2472 338 2519 locum
351 2477 376 2519 et
388 2472 468 2519 letum
482 2472 557 2519 docet
568 2471 677 2533 hospitis
690 2472 765 2535 Argi.

79 2561 140 2607 hinc
154 2559 186 2606 ad
199 2559 338 2621 Tarpeiam
351 2560 438 2606 sedem
451 2567 476 2606 et
490 2557 624 2621 Capitolia
634 2559 721 2616 ducit„

74 2661 153 2693 aurea
166 2661 244 2706 nune,
262 2647 328 2696 olim
341 2648 508 2698 silvestribus
517 2647 640 2697 horr'rha
650 2641 754 2690 hum*
