1808 2956
276 176 425 217 strambos
446 176 534 216 Lissa
551 176 569 215 l.
765 168 818 214 1⁴11

95 342 126 384 nt
137 342 221 384 terrae
234 339 314 396 utque
326 348 408 382 novae
421 341 527 396 pateant
539 333 706 395 Karthaginis
720 348 791 381 arces

96 423 211 486 hospitio
224 422 342 480 Teucris,
357 436 390 470 nc
403 421 449 468 sati
462 422 550 470 nescia
561 422 631 469 Dido

50 518 75 562 te
96 511 192 560 finibus
206 517 311 558 arceret.
338 510 465 558 volatilla
478 526 523 574 per
537 525 597 558 aera
609 525 733 572 magnum

96 600 207 661 remigio
220 600 320 647 alarum
334 614 364 646 ae
377 598 473 661 Libyae
487 600 551 647 citus
565 600 663 646 adstitit
676 600 736 646 oris.

96 695 123 737 ct
134 688 187 735 iam
200 687 270 734 iussa
282 686 351 745 facit,
367 696 518 749 ponuntque
532 688 629 735 ferocia
641 688 721 735 Poeni

96 776 177 825 eorde
189 776 291 824 volente
305 776 369 835 de03
388 777 415 822 in
428 776 516 837 primis
529 776 620 837 regina
633 777 748 838 quietum

96 864 193 926 accipit
204 865 232 912 in
244 864 358 912 Teucros
372 865 487 912 animum
500 872 663 927 mentemque
676 865 822 925 benignam.

50 959 76 1002 >5
134 954 170 1000 At
182 953 239 1015 pius
253 954 363 1010 Aeneas,
379 968 424 1014 per
437 960 540 1001 noctem
552 954 664 1016 plurima
676 955 789 1011 volvens,

97 1048 126 1090 nt
138 1042 250 1104 primum
263 1042 309 1088 lux
323 1042 391 1088 alma
404 1043 464 1089 data
477 1050 523 1100 est,
540 1043 608 1090 exire
622 1044 746 1106 locosque

96 1131 233 1193 explorare
246 1144 335 1187 novos,
351 1145 414 1191 quas
427 1136 503 1178 vento
517 1133 651 1179 accesserit
665 1147 731 1191 oras,

98 1219 143 1281 qui
150 1225 255 1266 teneant
266 1217 338 1280 (nam
345 1218 443 1266 inculta
450 1219 537 1282 videt),
553 1220 703 1268 hominesne
715 1221 825 1280 feraene,

97 1321 223 1369 quaerere
235 1307 368 1355 constitnit
380 1307 508 1369 sociisque
522 1316 613 1356 exacta
625 1309 727 1357 referre.

50 1401 79 1444 1⁰
99 1397 208 1444 classem
221 1397 247 1442 in
262 1409 376 1443 convexo
391 1410 524 1444 nemorum
537 1396 584 1443 sub
598 1412 661 1459 rupe
675 1404 764 1445 cavata

100 1484 234 1532 arboribus
243 1485 358 1531 clausam
365 1485 461 1532 circum
469 1491 546 1546 atque
556 1485 719 1533 horrentibus
730 1485 827 1532 umbris

100 1573 204 1630 occulit,
220 1573 339 1634 ipscnno
353 1573 469 1633 graditur
483 1573 618 1621 comitatus
634 1574 744 1633 Achate,

100 1661 162 1708 bina
174 1676 251 1707 mann
266 1662 318 1708 lato
333 1661 448 1723 crispans
461 1660 566 1708 hastilia
578 1661 653 1709 ferro.

101 1749 142 1797 cui
155 1757 237 1797 mater
250 1749 335 1797 media
348 1763 403 1796 sese
416 1749 476 1795 tulit
489 1747 564 1795 obvia
577 1749 650 1806 silva,

50 1843 79 1885 15
100 1837 206 1897 virginis
220 1852 248 1884 os
262 1837 429 1898 habitumque
441 1851 532 1897 gerens
546 1845 571 1884 et
583 1837 688 1898 virginis
702 1852 782 1897 arma,

101 1923 245 1986 Spartanae
258 1927 297 1973 vel
311 1926 395 1987 qualis
410 1939 490 1987 equos
503 1924 624 1972 Threissa
637 1925 729 1987 fatigat

102 2012 246 2075 Harpalyce
259 2015 440 2075 volucremque
454 2013 516 2074 fuga
527 2012 825 2075 praevertiturHebrum.

101 2116 213 2163 namque
238 2103 332 2150 umeris
358 2103 389 2149 de
418 2115 490 2149 merc
519 2100 631 2149 habilem
661 2104 830 2165 suspenderat

403 2204 490 2237 arcum

101 2280 218 2327 venatrix
231 2280 387 2340 dederatque
400 2292 502 2326 comam
515 2278 658 2328 diffundere
670 2281 760 2339 ventis,

50 2373 81 2416 20
102 2367 173 2414 nuda
185 2382 254 2428 genn
268 2368 389 2430 nodoque
402 2367 473 2414 sinus
487 2368 596 2416 collecta
608 2368 718 2416 fluentis.

101 2471 135 2512 ae
146 2456 216 2517 prior
227 2446 308 2504 ‘heus’
320 2456 405 2517 inquit
415 2445 544 2514 ‘iuvenes,
560 2464 700 2505 monstrate
713 2471 828 2506 mearum

102 2543 199 2590 vidistis
213 2545 313 2606 siquam
327 2544 368 2591 hie
382 2549 511 2592 errantem
522 2544 591 2594 iorte
602 2560 739 2604 sororum„

94 2632 252 2679 succinctam
263 2633 393 2695 pharetra
406 2643 433 2686 ct
446 2637 608 2689 maculosae
622 2635 749 2702 tamma
760 2628 871 2693 limbi
