1808 2956
272 153 441 193 cuoncrcou
459 154 546 193 treme
558 154 593 194 n.
794 147 829 195 dr

99 312 181 358 saltus
196 319 221 358 et
233 310 313 358 saturi
326 312 406 372 petito
420 311 565 373 longinqua
577 311 683 360 Tarenti

100 409 125 447 ct
138 399 245 461 qualem
257 399 348 447 infelix
362 400 448 447 amisit
460 399 568 446 Mantua
581 415 709 463 campum,

100 494 250 551 pascentem
263 487 350 536 niveos
363 487 474 536 herboso
487 488 592 536 flumine
606 505 715 551 cycnos:

45 583 79 625 00
100 591 154 624 nou
168 575 261 638 liquidi
275 577 396 638 gregibus
410 577 508 636 fontes,
530 592 583 624 non
597 579 715 638 gramina
729 581 830 639 derunt,

100 673 126 714 et
139 673 266 728 quantum
280 666 365 727 longis
378 674 484 728 carpent
497 673 613 714 armenta
626 667 724 725 diebus,

100 755 197 815 exigna
210 762 310 802 tantum
322 756 423 817 gelidus
437 770 478 802 ros
492 763 567 803 nocte
580 763 695 816 reponet.

100 844 178 904 nigra
190 843 243 891 sere
257 851 282 891 et
294 859 383 906 presso
396 845 501 906 pinguis
514 845 561 891 sub
575 859 677 892 vomere
691 852 758 892 terre

101 939 126 980 et
140 932 181 980 cui
195 940 269 994 putre
282 933 367 980 solum
380 933 561 996 (nemquehec
572 921 830 997 imitambrarandc),

44 1020 80 1068 205
101 1022 202 1083 optima
216 1021 362 1069 frumentis:
379 1037 431 1069 non
445 1023 500 1069 ullo
514 1037 547 1070 ex
559 1037 671 1084 aequore
685 1038 773 1071 cernes

100 1111 178 1172 plura
191 1110 296 1158 domum
310 1111 388 1158 tardis
403 1111 526 1159 decedere
539 1111 655 1173 plaustra
667 1111 794 1160 iuvencis:
846 1141 850 1150 ·

101 1207 146 1247 eut
159 1199 229 1246 unde
241 1199 321 1246 iratus
336 1200 427 1246 silvam
441 1199 542 1247 devexit
553 1208 639 1246 arctor

101 1296 127 1336 et
139 1302 248 1335 nemora
260 1288 350 1335 evertit
362 1288 457 1335 multos
469 1287 564 1348 ignava
576 1303 623 1349 per
636 1304 717 1336 annos

102 1378 275 1439 antiquasque
289 1377 379 1423 domos
393 1377 479 1423 avium
492 1391 550 1423 cum
563 1377 684 1439 stirpibus
698 1378 756 1424 imis

44 1467 84 1512 210
103 1467 185 1524 eruit;
206 1466 267 1513 illae
281 1465 362 1512 altum
376 1466 443 1512 nidis
457 1465 553 1526 petiere
566 1466 671 1523 relictis,

87 1599 88 1605 ,
102 1563 128 1602 at
140 1554 212 1602 rudis
225 1554 317 1601 enituit
329 1554 432 1616 inpulso
446 1568 547 1602 vomere
562 1569 676 1616 campus.

102 1657 163 1690 uam
176 1642 266 1689 ieiuna
278 1642 383 1703 quidem
397 1642 484 1690 clivosi
499 1643 588 1703 glarea
601 1644 666 1690 ruris

101 1731 144 1778 vix
157 1729 263 1777 humilis
277 1729 368 1792 apibus
383 1731 464 1778 casius
478 1746 615 1793 roremque
628 1732 764 1790 ministrat,

101 1826 127 1866 et
140 1818 236 1881 tophus
249 1819 377 1867 scaberet
390 1819 470 1880 nigris
484 1834 561 1868 exesa
575 1819 702 1882 chelydris

44 1908 81 1954 215
101 1916 171 1956 creta
184 1913 282 1968 negant
295 1908 361 1955 alios
375 1922 456 1970 aeque
469 1909 630 1970 serpentibus
645 1924 721 1970 agros

101 1996 205 2045 dulcem
218 1996 284 2044 ferre
297 1996 384 2044 eibum
397 2003 422 2044 ct
435 2012 524 2044 curvas
537 1997 660 2059 praebere
674 1997 794 2046 latebras.

100 2099 167 2146 quse
180 2094 284 2133 tenuem
302 2085 408 2132 exhalat
424 2086 545 2133 nebulam
563 2087 699 2148 fumosque
718 2087 833 2134 volucres

100 2181 125 2221 et
137 2173 205 2220 bibit
216 2187 333 2220 umorem
347 2181 372 2222 et
385 2190 443 2222 cum
457 2176 511 2222 vult
524 2190 556 2223 ex
569 2191 595 2223 se
609 2175 666 2238 ipsu
679 2176 785 2224 remittit

100 2276 221 2324 quaeque
233 2275 281 2308 ruo
294 2276 395 2324 semper
407 2263 495 2310 viridis
509 2278 536 2312 se
549 2265 666 2325 gramine
679 2266 754 2313 vestit

44 2353 80 2396 :20
99 2365 147 2398 nec
160 2349 249 2398 scabie
262 2360 288 2399 et
300 2352 369 2398 sulse
382 2352 462 2399 laedit
475 2353 593 2414 robigine
606 2353 710 2412 ferrum,

99 2440 146 2488 illa
159 2439 206 2487 tibi
220 2439 294 2487 lactis
307 2440 405 2487 intexet
417 2441 509 2488 vitibus
522 2442 616 2500 ulmos,

98 2529 146 2576 illa
159 2528 233 2576 ferax
245 2529 304 2576 oleo
318 2535 363 2586 est,
380 2529 452 2576 illam
465 2531 597 2592 experiere
610 2532 720 2578 colendo

98 2625 123 2666 et
136 2617 242 2665 facilem
254 2617 341 2680 pecori
356 2624 380 2664 et
393 2623 532 2680 patientem
546 2619 658 2667 vomeris
670 2620 746 2668 unet.
