1808 2956
305 200 453 241 nauaroos
470 203 558 242 urana
574 204 606 243 x.
790 196 849 244 419

58 364 107 405 140
127 358 233 405 volnera
246 358 357 419 dirigere
371 365 395 406 et
408 360 521 407 calamos
536 375 636 408 armare
648 375 756 422 veneno,

125 447 248 495 Maeonia
260 461 384 507 generose
398 447 485 506 domo,
503 448 546 495 ubi
559 449 666 511 pinguia
679 451 748 498 culta

127 542 298 596 exercentque
312 536 358 582 viri
371 535 545 598 Pactolusque
558 537 654 598 inrigat
667 553 740 586 auro.

127 623 209 671 adfuit
222 631 246 672 et
258 624 416 682 Mnestheus,
433 639 510 686 quem
523 626 590 687 pulsi
604 626 713 687 pristina
725 628 806 675 Turni

127 727 221 773 aggere
235 727 367 760 murorum
381 712 517 761 sublimem
530 714 614 774 gloria
627 715 704 774 tollit,

59 805 106 847 145
128 808 152 848 et
165 799 265 863 Capys:
286 801 348 850 hinc
360 815 454 848 nomen
469 799 618 864 Campanae
632 804 731 851 ducitur
745 804 811 852 urbi.

162 889 204 936 Illi
218 891 284 937 inter
297 904 352 938 sese
367 890 423 936 duri
438 891 579 938 certamina
592 891 652 940 belli

128 980 305 1026 contulerant:
327 979 413 1026 media
426 978 528 1025 Aeneas
541 978 607 1027 freta
620 986 695 1028 noete
709 981 822 1028 secabat.

128 1081 239 1128 namque
252 1074 280 1114 ut
293 1067 324 1115 ab
337 1067 460 1115 Euandro
474 1067 563 1114 castris
576 1067 705 1128 ingressus
715 1069 840 1129 Etruscis,

129 1169 215 1215 rogem
232 1156 286 1203 adit
303 1162 328 1204 et
345 1155 398 1217 rogi
413 1162 539 1204 memorat
551 1171 698 1218 nomenque
711 1171 852 1220 genusque,

61 1249 109 1291 150
130 1244 223 1305 quidve
235 1251 307 1306 petat
320 1245 412 1306 quidve
425 1244 480 1306 ipse
493 1245 566 1304 ferat,
581 1246 723 1294 Mezentius
736 1260 809 1294 arma

128 1348 194 1395 quae
208 1333 256 1380 sibi
270 1333 398 1391 conciliet,
414 1333 579 1396 violentaque
591 1342 697 1396 pectora
710 1335 791 1382 Turni

128 1423 227 1481 edocet,
243 1421 363 1469 humanis
377 1436 443 1482 quac
457 1421 489 1468 sit
502 1423 596 1470 fiducia
609 1423 684 1471 rebus

128 1512 251 1559 admonet
263 1511 433 1571 inmiscctque
445 1523 542 1570 preces.
571 1510 639 1558 haud
654 1510 682 1558 tit
695 1526 776 1571 mora,
793 1511 856 1559 Tar-

430 1597 498 1644 chon

128 1685 213 1744 iungit
226 1699 287 1746 opes
301 1684 444 1745 foedusque
457 1684 529 1731 ferit:
550 1691 605 1731 tum
617 1684 699 1733 libera
711 1685 757 1733 fati

61 1779 110 1822 155
131 1773 240 1821 classem
255 1773 405 1820 conscendit
417 1772 492 1819 iussis
505 1785 569 1832 gens
582 1771 665 1833 Lydia
678 1773 773 1832 divom,

129 1869 235 1910 externo
250 1861 387 1908 commissa
400 1860 468 1907 duci.
495 1859 596 1907 Aeneia
609 1859 700 1922 puppis

130 1951 214 2013 prima
227 1956 304 2008 tenet,
321 1955 403 1997 rostro
417 1948 543 2011 Phrygios
556 1948 693 1996 subiuncta
705 1948 809 2007 leones3

130 2039 246 2087 imminet
258 2039 305 2086 Ida
318 2052 403 2100 super,
419 2037 535 2103 profugis
548 2037 694 2098 gratissima
706 2037 821 2086 Teucris.

130 2129 172 2176 hic
186 2143 295 2189 magnus
309 2127 380 2174 sedet
392 2127 495 2175 Aeneas
508 2140 646 2188 secumque
659 2127 758 2174 volutat

63 2223 110 2265 160
131 2224 234 2265 eventus
249 2216 310 2264 belli
325 2216 417 2274 varios,
432 2215 571 2277 Pallasque
583 2215 686 2262 sinistro

131 2306 231 2352 adfixus
245 2305 319 2352 lateri
333 2304 384 2350 iam
399 2304 499 2366 quaerit
510 2303 603 2362 sidera,
620 2317 716 2365 opacae

131 2393 213 2440 noctis
227 2394 283 2452 iter,
299 2393 350 2440 iam
364 2407 430 2455 quae
443 2407 533 2455 passus
546 2399 665 2454 terraque
678 2391 803 2454 marique.

167 2482 276 2529 Pandite
290 2481 501 2540 nuncHelicoua,
517 2482 589 2539 deae,
601 2486 855 2542 cantusquemovete,

132 2586 198 2632 quae
211 2585 302 2619 manus
316 2571 413 2618 interea
425 2570 517 2618 Tuscis
531 2568 668 2617 comitetur
680 2568 715 2614 ab
728 2568 785 2612 oms

59 2667 108 2708 165
126 2661 235 2708 Aenean
248 2667 386 2724 armetque
400 2667 472 2712 rates
484 2661 646 2727 pelagoque
656 2654 790 2782 ug‘pkapm·
