1808 2956
276 179 423 220 AENElDOS
438 181 526 218 LIBER
543 181 593 219 vlt.
772 173 808 218 32
818 174 829 216 7

50 341 84 384 95
138 325 250 392 ‘Dicite,
274 333 442 383 Dardanidae
461 334 644 398 (nequeenim
663 337 791 386 nescimus
811 345 836 387 et

408 423 496 472 urbem

104 519 130 560 et
142 525 223 573 genus
237 511 371 573 auditique
384 512 513 560 advertitis
527 527 639 574 aequore
654 515 777 576 cursum),
858 564 861 569 ,

104 600 167 662 quid
181 599 285 662 petitis?
305 614 371 661 quae
385 615 463 647 eausa
476 609 543 648 rates
557 608 601 648 aut
615 601 687 649 ouius
700 610 804 663 egentes

104 688 165 735 litus
179 688 211 734 ad
225 687 372 735 Ausonium
385 695 423 734 tot
435 703 481 750 per
492 689 559 736 vada
572 690 675 736 caerula
688 689 774 737 vexit?

104 776 157 824 sive
170 790 256 824 errore
269 776 325 823 viae
339 790 383 823 seu
397 777 591 839 tempestatibus
604 778 664 835 aeti,

50 870 84 914 00
105 864 194 926 qualia
206 865 288 912 multa
301 864 365 912 mari
380 871 474 912 nautae
488 865 621 928 patiuntur
633 866 660 912 in
674 866 736 923 alto,

102 952 215 1000 fluminis
229 952 343 1000 intrastis
356 953 425 1014 ripas
439 959 566 1014 portuque
579 953 682 1010 sedetis,

102 1054 135 1088 ne
148 1039 228 1102 fugite
241 1039 380 1101 hospitium
394 1054 456 1088 neve
469 1040 587 1101 ignorate
600 1040 708 1087 Latinos

103 1126 207 1177 Saturni
220 1136 337 1190 gentem,
353 1128 422 1175 haud
436 1128 520 1176 vinolo
534 1143 581 1176 neo
595 1128 695 1190 legibus
709 1143 828 1190 aequam,

102 1224 194 1280 sponte
207 1231 254 1264 sua
267 1217 410 1278 veterisque
424 1217 464 1264 dei
478 1231 505 1264 se
518 1231 589 1264 more
602 1223 739 1265 tenentem.

50 1310 80 1353 05
102 1311 179 1366 atque
192 1304 312 1367 equidem
325 1305 429 1352 memini
444 1303 526 1367 (sama
538 1313 576 1353 est
594 1305 726 1353 obscurior
744 1305 830 1366 annis)

101 1393 239 1441 Auruncos
252 1393 289 1440 ita
302 1392 366 1440 ferre
380 1407 461 1451 senos,
478 1393 517 1439 his
531 1399 601 1440 ortus
615 1400 642 1440 ut
655 1393 723 1454 agris

101 1480 240 1528 Dardanus
253 1481 344 1529 Idaeas
357 1480 485 1543 Phrygiae
499 1481 638 1543 penetrarit
651 1481 683 1528 ad
697 1481 772 1529 urbes

102 1568 413 1632 ThreiciamqueSamon,
430 1584 496 1631 quae
509 1584 577 1617 nune
590 1567 768 1618 Samothracia
782 1569 830 1618 fer·

403 1667 452 1705 tur.

102 1745 163 1793 hino
176 1745 249 1793 illum
264 1744 371 1808 Corythi
384 1746 518 1809 Tyrrhena
531 1744 562 1792 ab
576 1745 636 1792 sede
649 1745 792 1807 protectum

51 1839 82 1882 10
104 1847 182 1882 aurea
195 1849 264 1882 nune
277 1835 343 1882 solio
357 1833 483 1882 stellantis
497 1834 569 1894 regia
582 1833 646 1881 oaeli

101 1922 197 1984 accipit
210 1930 234 1971 et
246 1936 381 1970 numerum
395 1922 511 1970 divorum
525 1921 648 1971 altaribus
662 1913 753 1972 addit?

137 2011 255 2070 Dixerat,
271 2019 296 2060 et
309 2012 377 2060 diota
390 2013 503 2062 Ilioneus
517 2014 554 2062 sio
566 2029 628 2063 voee
641 2023 751 2063 secutus.

99 2088 164 2158 ‘rex‚
179 2115 261 2162 genus
275 2101 407 2162 egregium
420 2103 511 2161 Fauni,
527 2117 574 2151 nee
587 2103 704 2152 fluetibus
718 2112 788 2152 actos

102 2195 158 2236 atra
170 2188 272 2251 subegit
285 2189 367 2237 hiems
380 2191 469 2237 vestris
483 2192 620 2239 succedere
633 2192 705 2239 terris

50 2281 80 2324 15
101 2291 149 2324 nee
161 2277 233 2325 sidus
245 2277 352 2339 regione
364 2278 419 2326 viae
433 2279 523 2326 litusve
537 2279 640 2344 fefellit3

102 2365 211 2412 oonsilio
225 2365 293 2413 hane
306 2381 395 2413 omnes
408 2367 552 2429 animisque
565 2367 709 2415 volentibus
723 2368 812 2417 urbem

102 2452 250 2512 adferimur,
266 2455 334 2516 pulsi
348 2454 433 2515 reguis
447 2469 513 2516 quae
526 2455 640 2502 maxima
653 2456 785 2517 quondam

101 2548 216 2590 extremo
230 2542 334 2590 veniens
347 2540 393 2589 Sol
407 2541 548 2604 aspiciebat
561 2540 683 2605 Olympo.

97 2629 130 2675 ab
143 2628 204 2678 Iove
213 2630 375 2696 principium
388 2631 506 2696 generis,
519 2629 737 2684 horebarbana
745 2625 840 2687 0ὼῦ
