1808 2956
102 172 160 219 180
339 179 364 217 r.
383 179 504 217 vnnornr
524 179 655 218 aaronis

168 337 312 398 Karthago,
327 336 430 383 Italiam
443 344 534 384 contra
546 336 721 399 Tiberinaque
735 339 814 400 longe

169 427 244 485 ostia,
259 426 329 474 dives
343 440 422 487 opum
435 425 579 488 studiisque
592 426 734 487 asperrima
747 426 825 475 belli:

119 520 148 562 15
169 529 248 577 quam
260 514 326 562 Iuno
340 513 419 561 fertur
432 514 505 561 terris
518 514 601 576 magis
615 514 736 562 omnibus
749 530 829 564 unam

169 602 317 666 posthabita
330 602 440 650 coluisse
453 600 549 661 Sam03
569 602 611 651 hic
624 603 695 650 illius
709 618 789 661 unna,

170 692 212 740 hic
226 706 314 741 currus
327 691 384 749 luit,
400 691 449 738 hoc
463 705 571 752 regnum
585 691 633 738 dea
645 691 766 752 gentibus
780 707 844 751 esse,

170 783 245 844 siqua
258 781 311 828 lata
323 780 417 837 sinant,
432 780 485 827 ium
498 788 552 827 tum
565 780 698 842 tenditque
711 781 840 844 foretque.

170 870 320 933 progeniem
332 869 377 916 sed
391 868 460 916 enim
472 868 587 916 Troiano
601 884 617 916 a
629 870 756 930 sanguine
770 870 828 918 duci

118 965 151 1007 20
171 959 296 1016 audierat,
311 958 402 1020 Tyrius
416 957 479 1005 olim
492 972 558 1020 quae
573 965 679 1006 verteret
692 973 780 1017 arces;

170 1047 231 1094 hinc
244 1047 370 1109 populum
383 1047 434 1094 late
447 1061 535 1108 regem
547 1046 668 1108 belloque
682 1047 821 1109 superbum

170 1142 304 1183 vcnturum
317 1135 418 1182 excidio
432 1134 544 1197 Libyae:
566 1136 603 1184 sic
615 1137 717 1183 volvere
731 1151 831 1198 percas.

171 1225 196 1271 id
211 1230 327 1271 metuens
340 1224 482 1286 veterisque
496 1239 594 1272 memor
607 1223 730 1272 Saturnia
743 1224 804 1273 belli

171 1312 255 1375 prima
267 1313 337 1373 quod
350 1313 383 1359 ad
396 1312 502 1360 Troiam
515 1329 562 1376 pro
576 1314 641 1361 caris
654 1321 770 1375 gesserat
783 1314 876 1375 Argis:

119 1407 151 1448 25
172 1400 282 1448 necdum
295 1401 372 1447 etiam
386 1416 478 1448 causae
491 1402 586 1449 irarum
600 1403 720 1464 saevique
734 1403 837 1450 dolores

172 1489 321 1537 exciderunt
334 1489 420 1536 animo
431 1506 437 1547 3
458 1498 545 1538 manet
558 1492 612 1538 alta
624 1499 709 1539 mente
723 1499 854 1554 repostum

172 1578 296 1626 iudicium
309 1577 410 1625 Paridis
423 1587 576 1641 spretaeque
589 1580 684 1627 iniuria
697 1580 795 1628 formae

172 1678 197 1715 et
209 1681 290 1728 genus
303 1667 414 1714 invisum
427 1675 452 1715 ct
465 1668 530 1729 rapti
545 1666 702 1729 Ganymedis
717 1668 841 1727 honores:

172 1755 211 1803 his
225 1771 333 1804 accensa
345 1771 422 1818 super
435 1757 543 1804 iactatos
557 1771 669 1818 aequore
682 1764 737 1805 toto

120 1850 153 1892 ³0
172 1844 264 1903 Troas,
279 1845 403 1907 reliquias
416 1845 537 1892 Danaum
551 1852 628 1906 utque
641 1845 738 1892 inmitis
751 1845 858 1897 Achilli.

172 1933 277 1982 arcebat
289 1935 367 1994 longe
381 1933 466 1991 Latio,
482 1934 630 1996 multosque
643 1949 689 1996 per
702 1949 784 1982 annos

173 2022 293 2071 errabunt
306 2023 355 2070 acti
369 2023 428 2069 latis
442 2022 524 2069 maria
537 2022 625 2069 omnia
638 2023 744 2070 circum.

173 2119 260 2159 tantae
272 2112 348 2159 molis
362 2120 416 2159 erat
429 2111 573 2158 Romanum
587 2111 697 2159 condere
710 2121 822 2173 gentem.

208 2199 259 2247 Vix
273 2215 287 2250 e
300 2209 439 2263 conspeetu
453 2198 556 2248 Siculae
570 2200 669 2248 telluris
682 2201 708 2246 in
722 2201 804 2248 altum

119 2295 152 2338 35
173 2291 230 2338 vela
243 2289 339 2338 dabant
351 2290 412 2337 lacti
426 2296 451 2337 ct
464 2304 567 2352 spumas
580 2289 642 2336 salis
657 2304 715 2337 aere
728 2289 846 2348 ruebant,

174 2393 232 2426 cum
245 2379 320 2435 luno,
336 2385 469 2426 aeternum
482 2393 585 2426 servans
598 2377 646 2424 sub
660 2386 763 2440 pectore
777 2381 877 2436 volnus,

173 2467 237 2516 haec
250 2482 347 2527 secum,
360 2458 445 2515 ‘mene
458 2468 561 2530 incepto
576 2468 696 2514 desistere
710 2469 803 2516 n'ctam

173 2571 220 2606 nec
232 2570 309 2620 posse
321 2555 399 2604 Italia
411 2556 570 2604 Teucrorum
584 2564 697 2604 avertere
710 2557 815 2618 regem?

155 2644 258 2708 quispe
272 2653 347 2696 vetor
357 2645 429 2696 fatis.
458 2646 586 2697 Pallasne
598 2660 708 2696 exurere
720 2646 830 2693 classem
