1808 2956
255 203 403 242 Annmnos
422 204 509 242 niusa
525 205 554 242 v.
742 195 804 242 255

76 375 135 408 cum
149 360 262 407 clamore
276 357 344 421 Gyas
357 356 502 418 revocabat,
519 367 544 408 ct
556 374 615 408 ecce
629 357 792 428 Cloanthum

75 448 181 510 respicit
193 449 333 496 instantem
346 455 418 509 tergo
433 455 458 495 et
470 449 592 510 propiora
605 455 744 496 tenentem.

75 537 121 585 ille
133 537 200 585 inter
213 550 355 598 navemque
369 533 441 598 Gyae
454 537 627 599 scopulosque
641 537 756 584 sonantis

30 631 55 674 '0
76 625 145 672 radit
157 625 205 673 iter
218 625 318 672 laevom
331 624 438 672 interior
451 625 587 687 subitoque
600 625 712 687 priorem

75 714 199 778 praeterit
211 720 236 761 et
248 713 322 760 metis
336 719 405 760 tenet
418 727 531 776 aequora
543 720 599 760 tuta
611 713 715 761 relictis.

77 809 132 850 tum
144 816 204 849 vero
217 802 313 850 exarsit
325 801 409 848 iuveni
424 801 500 849 dolor
513 801 612 848 ossibus
626 801 726 862 ingens,

76 905 124 938 nec
137 890 250 938 lacrimis
265 904 370 938 caruere
383 903 473 951 genae,
490 903 647 950 segnemque
658 889 806 949 Menoeten,

78 979 173 1026 oblitus
187 979 338 1040 decorisque
351 978 390 1025 sui
403 979 555 1039 sociumque
568 978 667 1036 salutis,

30 1071 56 1117 ft
77 1067 105 1114 in
118 1082 188 1115 mare
200 1067 369 1129 praecipitem
381 1067 461 1128 puppi
476 1066 595 1114 deturbat
608 1066 639 1113 ab
654 1067 722 1126 alta3

77 1157 133 1218 ipse
146 1155 303 1217 gubernaclo
317 1162 400 1203 rector
413 1155 490 1214 subit,
505 1155 560 1216 ipse
573 1156 703 1217 magister,

78 1243 246 1306 hortaturque
259 1245 327 1290 viros
341 1244 493 1305 clavemque
507 1244 538 1290 ad
551 1243 629 1290 litora
642 1250 752 1305 torquet.

78 1339 105 1380 at
117 1333 210 1394 gravis,
226 1338 254 1379 ut
266 1332 346 1379 fundo
360 1332 402 1378 vix
415 1331 520 1379 tandem
533 1332 647 1379 redditus
661 1333 746 1391 imost,

78 1420 132 1468 iam
144 1421 230 1469 senior
243 1420 400 1482 madidaque
412 1420 493 1468 fluens
506 1420 534 1466 in
546 1427 623 1478 veste,
639 1420 773 1468 Menoetes

30 1514 60 1558 30
80 1523 180 1556 summa
192 1509 256 1571 petit
268 1508 368 1570 scopuli
382 1508 501 1570 siccaque
514 1508 542 1554 in
555 1522 618 1570 rupe
632 1508 733 1555 resedit.

79 1597 155 1645 illum
168 1605 192 1645 et
204 1597 333 1645 labentem
346 1597 439 1645 Teucri
453 1603 478 1644 et
490 1597 568 1644 risere
581 1601 713 1643 natantem

80 1692 105 1734 et
117 1685 199 1733 salsos
212 1686 296 1733 rident
309 1692 481 1734 revomentem
494 1691 598 1747 pectore
610 1684 711 1731 fluctus.

79 1773 122 1822 hic
135 1775 204 1823 laeta
217 1775 336 1822 extremis
350 1788 408 1835 spes
422 1781 461 1822 est
474 1787 583 1821 accensa
597 1771 706 1830 duobus,

80 1861 200 1924 Sergesto
213 1862 405 1925 Mnestheique,
428 1860 502 1924 Gyan
516 1875 637 1923 superare
654 1868 808 1908 morantem.

30 1956 56 2000 35
79 1949 213 2011 Sergestus
226 1951 295 2013 capit
306 1957 365 1998 ante
377 1951 463 1997 locum
475 1951 634 2012 scopuloque
642 1949 808 2011 propinquat,

78 2054 127 2088 nec
140 2045 193 2086 tota
206 2046 293 2087 tamen
306 2039 350 2087 ille
363 2039 434 2101 prior
446 2045 584 2101 praeeunte
598 2039 701 2097 carina3

78 2134 152 2190 parte
165 2128 243 2189 prior,
259 2135 358 2190 partem
371 2133 455 2174 rostro
468 2128 562 2188 premit
574 2127 676 2175 aemula
688 2125 789 2173 Pristis.

79 2223 106 2265 at
118 2217 205 2264 media
218 2217 302 2264 socios
315 2216 437 2264 incedens
450 2229 514 2263 nave
527 2230 573 2277 per
585 2215 655 2277 ipsos

79 2304 197 2352 hortatur
209 2304 374 2352 Mnestheus:
393 2293 486 2363 tnunc,
502 2318 571 2352 nunc
584 2303 709 2363 insurgite
721 2303 809 2360 remis,

30 2398 60 2441 90
80 2393 199 2441 Hectorei
214 2393 286 2451 socii,
302 2393 397 2441 Troiae
411 2407 475 2455 quos
490 2398 558 2439 sorte
572 2405 691 2454 suprema

80 2482 163 2543 delegi
178 2482 300 2540 comites3
321 2495 390 2529 nunc
403 2482 461 2528 illas
475 2480 585 2543 promite
597 2481 671 2537 vires,

80 2584 149 2618 nunc
162 2571 262 2617 animos
276 2570 369 2633 quibus
383 2570 411 2618 in
425 2569 548 2621 Gaetulis
559 2567 688 2631 Summus
697 2563 747 2609 usu

67 2657 197 2719 Ionioque
209 2660 276 2708 mari
291 2661 460 2728 Maleaeque
473 2658 647 2726 sequacibus
657 2649 760 2698 Μή·
