1808 2956
45 106 104 154 506
283 113 308 153 Ρ.
325 112 447 153 venerut
466 108 599 152 MARONIS

111 277 156 319 aut
168 271 211 319 ubi
226 271 336 320 decursu
349 270 440 333 rapido
453 269 485 317 de
498 250 629 317 montibus
642 269 703 318 altis
859 332 862 339 Ι

112 361 175 408 dant
187 361 300 408 sonitum
314 359 428 421 spumosi
442 373 529 406 amnes
541 358 602 406 etin
613 372 730 420 aequora
741 363 830 407 currunt

42 455 91 497 525
112 450 220 512 quisquc
234 464 307 497 suom
320 448 460 510 populatus
473 447 529 506 iter,
545 460 599 493 non
613 447 718 507 segnius
733 447 805 495 ambo

112 539 214 586 Aeneas
229 538 383 599 Turnusque
396 543 473 584 ruont
486 550 531 598 per
544 535 652 597 proelia.
682 551 762 595 nunc,
777 548 831 583 nuuc

112 627 219 675 fluctuat
232 626 270 673 ira
282 626 360 684 intus,
377 631 530 686 rumpuntur
544 624 633 672 nescia
646 624 714 674 vinci

113 724 227 778 pectora,
243 729 312 762 nunc
326 714 384 761 totis
397 713 424 760 iu
438 713 544 761 volnera
556 712 652 759 viribus
666 713 727 760 itur.

113 805 265 852 Murranum
278 804 329 861 hic,
345 810 432 849 atavos
443 808 469 850 et
477 816 584 849 avorum
593 801 832 863 antiquusonanten

44 899 94 941 530
115 893 220 941 nomina
239 907 284 955 per
297 905 422 953 regesque
441 900 527 938 ectum
539 904 621 951 genus
635 904 713 939 omne
726 890 831 943 Latinos,

114 982 282 1045 praecipitem
295 980 402 1042 scopulo
416 987 493 1041 etque
506 978 618 1040 ingentis
632 978 738 1027 turbine
750 978 802 1028 sari
865 994 868 1051 Ι

114 1070 211 1118 excutit
223 1069 383 1131 effunditque
397 1068 469 1115 solo:
491 1067 559 1114 hunc
575 1067 632 1114 lora
645 1072 672 1113 et
683 1067 747 1128 iuga
760 1065 833 1114 subter
864 1072 868 1131 Ι

114 1159 263 1222 provolvere
276 1165 356 1215 rotue,
373 1156 462 1204 crebro
475 1170 552 1218 super
565 1155 665 1216 ungula
678 1156 756 1218 pulsu
865 1138 868 1143 ¹

114 1247 193 1294 incita
206 1260 253 1294 nec
266 1245 364 1292 domini
378 1259 520 1292 memorum
534 1243 670 1306 proculcat
682 1257 811 1306 equorum.

45 1341 94 1384 535
114 1336 159 1383 ille
172 1335 255 1382 ruenti
270 1333 346 1396 Hyllo
361 1334 505 1395 animisque
518 1333 622 1380 inmane
635 1331 755 1381 frementi

115 1424 227 1472 occurrit
241 1424 370 1484 telumque
384 1432 476 1470 aurata
489 1422 521 1468 ad
536 1428 652 1482 tempora
665 1427 783 1484 torquet:

115 1513 161 1560 olli
175 1527 220 1575 per
233 1512 337 1574 guleem
350 1512 401 1558 fixo
415 1511 485 1558 stetit
497 1510 572 1558 haste
586 1509 702 1558 cerebro.

116 1602 221 1649 dextera
234 1616 281 1650 uec
295 1608 339 1648 tua
352 1608 385 1658 te,
402 1599 509 1647 Graium
522 1597 661 1646 fortissime
675 1596 795 1655 Cretheu,

116 1690 211 1752 eripuit
223 1690 322 1738 Turno.
350 1703 397 1737 nec
412 1688 437 1735 di
451 1696 537 1735 texere
552 1685 714 1748 Cupencum,

46 1783 97 1826 540
116 1780 206 1827 Aenea
218 1778 345 1836 veniente,
361 1777 416 1836 sui3
438 1777 508 1824 dedit
521 1775 597 1824 obvia
610 1775 678 1824 ferro

116 1874 222 1928 pectore
234 1882 283 1914 nec
295 1867 388 1914 misero
403 1865 479 1927 clipei
493 1880 566 1912 mora
578 1864 676 1927 profuit
687 1864 765 1913 aerei.

118 1963 142 2002 te
155 1970 259 2018 quoque
272 1954 414 2002 Laurentes
429 1954 555 2009 viderunt,
572 1953 663 2010 necle,
680 1952 765 2015 campi

118 2051 239 2106 oppetere
252 2052 277 2092 et
291 2045 342 2092 late
356 2051 448 2091 terram
463 2050 625 2090 consternere
639 2048 728 2102 tergo:

117 2133 222 2191 occidis,
238 2133 350 2194 Argivec
364 2147 441 2194 quem
453 2146 506 2179 nou
520 2138 625 2192 potuere
638 2129 784 2192 phalanges

48 2227 96 2270 545
116 2228 229 2269 sternere
243 2237 289 2269 nee
303 2221 399 2268 Priami
413 2234 552 2282 regnorum
564 2233 667 2267 eversor
680 2218 813 2275 Achilles3

117 2309 159 2357 hic
172 2310 218 2357 tibi
232 2310 321 2357 mortis
336 2318 409 2357 erant
421 2316 513 2368 metae,
530 2308 621 2355 domus
635 2307 689 2355 alte
701 2307 749 2355 sub
763 2307 817 2363 ida,
879 2374 882 2379 ι

116 2397 224 2459 Lyrnesi
239 2399 330 2446 domus
344 2399 405 2456 altu,
421 2398 477 2445 solo
491 2396 621 2445 Laurente
633 2396 810 2459 sepulchrum.

117 2494 186 2536 totae
199 2487 265 2535 adeo
280 2501 419 2534 conversae
432 2486 500 2534 acies
514 2499 655 2547 omnesque
668 2483 767 2543 Latini,

107 2593 202 2633 omnes
214 2578 403 2642 Dardanidae,
417 2574 573 2628 Mnestheus
586 2585 697 2633 acerque
703 2571 821 2618 Seuerus
881 2596 884 2603 -

889 277 901 318 5
