<?xml version="1.0" encoding="UTF-8"?>
<!DOCTYPE html PUBLIC "-//W3C//DTD XHTML 1.0 Transitional//EN"
    "http://www.w3.org/TR/xhtml1/DTD/xhtml1-transitional.dtd">
<html xmlns="http://www.w3.org/1999/xhtml" xml:lang="en" lang="en">
 <head>
  <title>
</title>
<meta http-equiv="Content-Type" content="text/html;charset=utf-8" />
  <meta name='ocr-system' content='tesseract 3.04.00' />
  <meta name='ocr-capabilities' content='ocr_page ocr_carea ocr_par ocr_line ocrx_word'/>
</head>
<body>
  <div class='ocr_page' id='page_1' title='image "./pvergiliusmaro00virggoog/pvergiliusmaro00virggoog_0547.png"; bbox 0 0 1808 2956; ppageno 0'>
   <div class='ocr_carea' id='block_1_1' title="bbox 64 183 504 230">
    <p class='ocr_par' dir='ltr' id='par_1_1' title="bbox 64 183 504 230">
     <span class='ocr_line' id='line_1_1' title="bbox 64 183 504 230; baseline 0 0"><span class='ocrx_word' id='word_1_1' title='bbox 64 183 124 230; x_wconf 76' lang='lat'><strong>554</strong></span> <span class='ocrx_word' id='word_1_2' title='bbox 419 191 504 230; x_wconf 76' lang='lat' dir='ltr'><strong>elme.</strong></span> 
     </span>
    </p>
   </div>
   <div class='ocr_carea' id='block_1_2' title="bbox 64 347 856 2358">
    <p class='ocr_par' dir='ltr' id='par_1_2' title="bbox 64 347 856 2358">
     <span class='ocr_line' id='line_1_2' title="bbox 131 347 718 409; baseline 0 -15"><span class='ocrx_word' id='word_1_3' title='bbox 131 348 246 396; x_wconf 87' lang='lat' dir='ltr'><strong>Minoem</strong></span> <span class='ocrx_word' id='word_1_4' title='bbox 259 347 360 409; x_wconf 91' lang='lat' dir='ltr'><strong>cupidis</strong></span> <span class='ocrx_word' id='word_1_5' title='bbox 374 347 393 394; x_wconf 91' lang='lat' dir='ltr'><strong>si</strong></span> <span class='ocrx_word' id='word_1_6' title='bbox 409 361 461 394; x_wconf 93' lang='lat' dir='ltr'><strong>nou</strong></span> <span class='ocrx_word' id='word_1_7' title='bbox 474 347 600 395; x_wconf 77' lang='lat' dir='ltr'>inhiasset</span> <span class='ocrx_word' id='word_1_8' title='bbox 612 347 718 396; x_wconf 85' lang='lat' dir='ltr'>ocellis!</span> 
     </span>
     <span class='ocr_line' id='line_1_3' title="bbox 131 435 836 498; baseline -0.001 -15"><span class='ocrx_word' id='word_1_9' title='bbox 131 437 175 484; x_wconf 88' lang='lat' dir='ltr'><strong>sed</strong></span> <span class='ocrx_word' id='word_1_10' title='bbox 190 436 273 485; x_wconf 84' lang='lat' dir='ltr'><strong>malus</strong></span> <span class='ocrx_word' id='word_1_11' title='bbox 287 435 331 483; x_wconf 89' lang='lat' dir='ltr'><strong>ille</strong></span> <span class='ocrx_word' id='word_1_12' title='bbox 344 451 416 497; x_wconf 90' lang='lat' dir='ltr'><strong>puer,</strong></span> <span class='ocrx_word' id='word_1_13' title='bbox 432 451 509 498; x_wconf 90' lang='lat' dir='ltr'><strong>quem</strong></span> <span class='ocrx_word' id='word_1_14' title='bbox 523 450 570 484; x_wconf 89' lang='lat' dir='ltr'><strong>nee</strong></span> <span class='ocrx_word' id='word_1_15' title='bbox 583 451 631 483; x_wconf 83' lang='lat' dir='ltr'><strong>suu</strong></span> <span class='ocrx_word' id='word_1_16' title='bbox 643 436 746 484; x_wconf 88' lang='lat' dir='ltr'><strong>flectere</strong></span> <span class='ocrx_word' id='word_1_17' title='bbox 760 443 836 484; x_wconf 84' lang='lat' dir='ltr'><strong>mater</strong></span> 
     </span>
     <span class='ocr_line' id='line_1_4' title="bbox 132 524 821 587; baseline 0 -15"><span class='ocrx_word' id='word_1_18' title='bbox 132 526 226 574; x_wconf 83' lang='lat' dir='ltr'><strong>iratum</strong></span> <span class='ocrx_word' id='word_1_19' title='bbox 240 524 332 586; x_wconf 89' lang='lat' dir='ltr'><strong>potuit,</strong></span> <span class='ocrx_word' id='word_1_20' title='bbox 349 539 426 586; x_wconf 92' lang='lat' dir='ltr'><strong>quem</strong></span> <span class='ocrx_word' id='word_1_21' title='bbox 440 539 487 572; x_wconf 89' lang='lat' dir='ltr'><strong>nee</strong></span> <span class='ocrx_word' id='word_1_22' title='bbox 499 532 573 587; x_wconf 87' lang='lat' dir='ltr'><strong>pater</strong></span> <span class='ocrx_word' id='word_1_23' title='bbox 586 532 663 586; x_wconf 82' lang='lat' dir='ltr'><strong>atque</strong></span> <span class='ocrx_word' id='word_1_24' title='bbox 678 540 740 572; x_wconf 89' lang='lat' dir='ltr'><strong>avus</strong></span> <span class='ocrx_word' id='word_1_25' title='bbox 755 526 821 573; x_wconf 92' lang='lat' dir='ltr'><strong>idem</strong></span> 
     </span>
     <span class='ocr_line' id='line_1_5' title="bbox 64 613 765 676; baseline 0.003 -16"><span class='ocrx_word' id='word_1_26' title='bbox 64 618 112 661; x_wconf 83' lang='lat'><strong>135</strong></span> <span class='ocrx_word' id='word_1_27' title='bbox 132 614 248 676; x_wconf 89' lang='lat' dir='ltr'><strong>Iuppiter</strong></span> <span class='ocrx_word' id='word_1_28' title='bbox 260 613 317 675; x_wconf 89' lang='lat' dir='ltr'><strong>(ille</strong></span> <span class='ocrx_word' id='word_1_29' title='bbox 330 613 408 660; x_wconf 87' lang='lat' dir='ltr'><strong>etiam</strong></span> <span class='ocrx_word' id='word_1_30' title='bbox 421 613 521 661; x_wconf 87' lang='lat' dir='ltr'><strong>Poenos</strong></span> <span class='ocrx_word' id='word_1_31' title='bbox 536 613 661 661; x_wconf 85' lang='lat' dir='ltr'><strong>domitare</strong></span> <span class='ocrx_word' id='word_1_32' title='bbox 676 615 765 662; x_wconf 88' lang='lat' dir='ltr'><strong>leones</strong></span> 
     </span>
     <span class='ocr_line' id='line_1_6' title="bbox 133 701 743 762; baseline -0.003 -12"><span class='ocrx_word' id='word_1_33' title='bbox 133 710 157 750; x_wconf 88' lang='lat' dir='ltr'><strong>et</strong></span> <span class='ocrx_word' id='word_1_34' title='bbox 170 702 273 750; x_wconf 84' lang='lat' dir='ltr'><strong>rabidas</strong></span> <span class='ocrx_word' id='word_1_35' title='bbox 287 701 376 749; x_wconf 87' lang='lat' dir='ltr'><strong>docuit</strong></span> <span class='ocrx_word' id='word_1_36' title='bbox 388 702 453 749; x_wconf 83' lang='lat' dir='ltr'><strong>vires</strong></span> <span class='ocrx_word' id='word_1_37' title='bbox 467 716 645 750; x_wconf 80' lang='lat' dir='ltr'><strong>mansuescere</strong></span> <span class='ocrx_word' id='word_1_38' title='bbox 659 701 743 762; x_wconf 87' lang='lat' dir='ltr'><strong>tigris,</strong></span> 
     </span>
     <span class='ocr_line' id='line_1_7' title="bbox 133 790 856 852; baseline -0.003 -14"><span class='ocrx_word' id='word_1_39' title='bbox 133 791 177 838; x_wconf 89' lang='lat' dir='ltr'><strong>ille</strong></span> <span class='ocrx_word' id='word_1_40' title='bbox 190 792 268 838; x_wconf 85' lang='lat' dir='ltr'><strong>etiam</strong></span> <span class='ocrx_word' id='word_1_41' title='bbox 282 790 369 848; x_wconf 85' lang='lat' dir='ltr'><strong>divos,</strong></span> <span class='ocrx_word' id='word_1_42' title='bbox 391 790 508 838; x_wconf 89' lang='lat' dir='ltr'><strong>homines</strong></span> <span class='ocrx_word' id='word_1_43' title='bbox 522 819 555 824; x_wconf 97' lang='lat'>—</span> <span class='ocrx_word' id='word_1_44' title='bbox 575 790 619 838; x_wconf 89' lang='lat' dir='ltr'><strong>sed</strong></span> <span class='ocrx_word' id='word_1_45' title='bbox 641 790 727 838; x_wconf 88' lang='lat' dir='ltr'><strong>dicere</strong></span> <span class='ocrx_word' id='word_1_46' title='bbox 740 804 856 852; x_wconf 86' lang='lat' dir='ltr'><strong>magnum</strong></span> 
     </span>
     <span class='ocr_line' id='line_1_8' title="bbox 434 880 493 941; baseline 0 -15"><span class='ocrx_word' id='word_1_47' title='bbox 434 880 493 941; x_wconf 89' lang='lat' dir='ltr'><strong>est),</strong></span> 
     </span>
     <span class='ocr_line' id='line_1_9' title="bbox 132 967 696 1029; baseline -0.002 -14"><span class='ocrx_word' id='word_1_48' title='bbox 132 968 200 1016; x_wconf 91' lang='lat' dir='ltr'><strong>idem</strong></span> <span class='ocrx_word' id='word_1_49' title='bbox 214 975 268 1014; x_wconf 92' lang='lat' dir='ltr'><strong>tum</strong></span> <span class='ocrx_word' id='word_1_50' title='bbox 281 967 364 1014; x_wconf 83' lang='lat' dir='ltr'><strong>tristes</strong></span> <span class='ocrx_word' id='word_1_51' title='bbox 379 968 488 1016; x_wconf 83' lang='lat' dir='ltr'><strong>acuebat</strong></span> <span class='ocrx_word' id='word_1_52' title='bbox 501 967 621 1029; x_wconf 81' lang='lat' dir='ltr'><strong>parvulus</strong></span> <span class='ocrx_word' id='word_1_53' title='bbox 635 967 696 1014; x_wconf 88' lang='lat' dir='ltr'><strong>iras.</strong></span> 
     </span>
     <span class='ocr_line' id='line_1_10' title="bbox 132 1054 673 1118; baseline -0.002 -14"><span class='ocrx_word' id='word_1_54' title='bbox 132 1056 239 1104; x_wconf 89' lang='lat' dir='ltr'><strong>Iunonis</strong></span> <span class='ocrx_word' id='word_1_55' title='bbox 252 1069 362 1116; x_wconf 82' lang='lat' dir='ltr'><strong>magnae</strong></span> <span class='ocrx_word' id='word_1_56' title='bbox 376 1054 461 1116; x_wconf 88' lang='lat' dir='ltr'><strong>(cuius</strong></span> <span class='ocrx_word' id='word_1_57' title='bbox 475 1055 586 1118; x_wconf 85' lang='lat' dir='ltr'><strong>periuria</strong></span> <span class='ocrx_word' id='word_1_58' title='bbox 599 1055 673 1103; x_wconf 83' lang='lat' dir='ltr'><strong>divae</strong></span> 
     </span>
     <span class='ocr_line' id='line_1_11' title="bbox 65 1143 716 1206; baseline 0.002 -15"><span class='ocrx_word' id='word_1_59' title='bbox 65 1149 113 1193; x_wconf 82' lang='grc'><strong>140</strong></span> <span class='ocrx_word' id='word_1_60' title='bbox 133 1148 146 1204; x_wconf 89' lang='lat'>†</span> <span class='ocrx_word' id='word_1_61' title='bbox 159 1144 222 1191; x_wconf 93' lang='lat' dir='ltr'><strong>olim</strong></span> <span class='ocrx_word' id='word_1_62' title='bbox 235 1159 262 1192; x_wconf 87' lang='lat' dir='ltr'><strong>se</strong></span> <span class='ocrx_word' id='word_1_63' title='bbox 275 1143 423 1200; x_wconf 87' lang='lat' dir='ltr'><strong>meminere,</strong></span> <span class='ocrx_word' id='word_1_64' title='bbox 440 1143 483 1190; x_wconf 88' lang='lat' dir='ltr'><strong>diu</strong></span> <span class='ocrx_word' id='word_1_65' title='bbox 497 1144 600 1205; x_wconf 80' lang='lat' dir='ltr'><strong>periura</strong></span> <span class='ocrx_word' id='word_1_66' title='bbox 613 1145 716 1206; x_wconf 84' lang='lat' dir='ltr'><strong>puellae</strong></span> 
     </span>
     <span class='ocr_line' id='line_1_12' title="bbox 134 1232 706 1294; baseline 0 -15"><span class='ocrx_word' id='word_1_67' title='bbox 134 1248 185 1280; x_wconf 90' lang='lat' dir='ltr'><strong>non</strong></span> <span class='ocrx_word' id='word_1_68' title='bbox 199 1232 245 1279; x_wconf 91' lang='lat' dir='ltr'><strong>ulli</strong></span> <span class='ocrx_word' id='word_1_69' title='bbox 259 1232 346 1294; x_wconf 86' lang='lat' dir='ltr'><strong>liceat)</strong></span> <span class='ocrx_word' id='word_1_70' title='bbox 360 1232 501 1279; x_wconf 81' lang='lat' dir='ltr'><strong>violaverat</strong></span> <span class='ocrx_word' id='word_1_71' title='bbox 514 1232 596 1280; x_wconf 89' lang='lat' dir='ltr'><strong>inscia</strong></span> <span class='ocrx_word' id='word_1_72' title='bbox 609 1233 706 1287; x_wconf 83' lang='lat' dir='ltr'><strong>sedem,</strong></span> 
     </span>
     <span class='ocr_line' id='line_1_13' title="bbox 133 1320 722 1382; baseline 0.003 -15"><span class='ocrx_word' id='word_1_73' title='bbox 133 1321 195 1367; x_wconf 89' lang='lat' dir='ltr'><strong>dum</strong></span> <span class='ocrx_word' id='word_1_74' title='bbox 208 1320 287 1368; x_wconf 87' lang='lat' dir='ltr'><strong>sacris</strong></span> <span class='ocrx_word' id='word_1_75' title='bbox 301 1328 407 1382; x_wconf 85' lang='lat' dir='ltr'><strong>operatu</strong></span> <span class='ocrx_word' id='word_1_76' title='bbox 421 1321 484 1368; x_wconf 88' lang='lat' dir='ltr'><strong>deae</strong></span> <span class='ocrx_word' id='word_1_77' title='bbox 497 1321 596 1368; x_wconf 86' lang='lat' dir='ltr'><strong>lascivit</strong></span> <span class='ocrx_word' id='word_1_78' title='bbox 610 1328 635 1368; x_wconf 89' lang='lat' dir='ltr'><strong>et</strong></span> <span class='ocrx_word' id='word_1_79' title='bbox 648 1328 722 1369; x_wconf 84' lang='lat' dir='ltr'><strong>extra</strong></span> 
     </span>
     <span class='ocr_line' id='line_1_14' title="bbox 133 1407 804 1472; baseline 0 -16"><span class='ocrx_word' id='word_1_80' title='bbox 133 1408 250 1472; x_wconf 81' lang='lat' dir='ltr'><strong>procedit</strong></span> <span class='ocrx_word' id='word_1_81' title='bbox 262 1407 339 1468; x_wconf 89' lang='lat' dir='ltr'><strong>longe</strong></span> <span class='ocrx_word' id='word_1_82' title='bbox 353 1415 463 1455; x_wconf 85' lang='lat' dir='ltr'><strong>matrum</strong></span> <span class='ocrx_word' id='word_1_83' title='bbox 478 1409 652 1470; x_wconf 77' lang='lat' dir='ltr'><strong>comitumque</strong></span> <span class='ocrx_word' id='word_1_84' title='bbox 666 1417 804 1468; x_wconf 81' lang='lat' dir='ltr'><strong>catervam,</strong></span> 
     </span>
     <span class='ocr_line' id='line_1_15' title="bbox 133 1496 789 1559; baseline 0.003 -15"><span class='ocrx_word' id='word_1_85' title='bbox 133 1511 284 1559; x_wconf 86' lang='lat' dir='ltr'><strong>suspensam</strong></span> <span class='ocrx_word' id='word_1_86' title='bbox 297 1497 413 1556; x_wconf 86' lang='lat' dir='ltr'><strong>gaudens</strong></span> <span class='ocrx_word' id='word_1_87' title='bbox 427 1496 453 1542; x_wconf 92' lang='lat' dir='ltr'><strong>in</strong></span> <span class='ocrx_word' id='word_1_88' title='bbox 468 1511 575 1559; x_wconf 90' lang='lat' dir='ltr'><strong>corpore</strong></span> <span class='ocrx_word' id='word_1_89' title='bbox 590 1497 678 1544; x_wconf 88' lang='lat' dir='ltr'><strong>ludere</strong></span> <span class='ocrx_word' id='word_1_90' title='bbox 692 1505 789 1546; x_wconf 87' lang='lat' dir='ltr'><strong>vestem</strong></span> 
     </span>
     <span class='ocr_line' id='line_1_16' title="bbox 66 1584 777 1647; baseline -0.001 -13"><span class='ocrx_word' id='word_1_91' title='bbox 66 1592 113 1634; x_wconf 79' lang='grc'><strong>115</strong></span> <span class='ocrx_word' id='word_1_92' title='bbox 134 1593 158 1633; x_wconf 90' lang='lat' dir='ltr'><strong>et</strong></span> <span class='ocrx_word' id='word_1_93' title='bbox 171 1586 283 1632; x_wconf 87' lang='lat' dir='ltr'><strong>tumidos</strong></span> <span class='ocrx_word' id='word_1_94' title='bbox 297 1584 412 1644; x_wconf 79' lang='lat' dir='ltr'><strong>agitante</strong></span> <span class='ocrx_word' id='word_1_95' title='bbox 424 1585 496 1633; x_wconf 89' lang='lat' dir='ltr'><strong>sinus</strong></span> <span class='ocrx_word' id='word_1_96' title='bbox 510 1586 631 1647; x_wconf 82' lang='lat' dir='ltr'><strong>aquilone</strong></span> <span class='ocrx_word' id='word_1_97' title='bbox 645 1586 777 1634; x_wconf 82' lang='lat' dir='ltr'><strong>relaxans.</strong></span> 
     </span>
     <span class='ocr_line' id='line_1_17' title="bbox 134 1672 810 1733; baseline 0 -11"><span class='ocrx_word' id='word_1_98' title='bbox 134 1675 245 1722; x_wconf 83' lang='lat' dir='ltr'><strong>necdum</strong></span> <span class='ocrx_word' id='word_1_99' title='bbox 258 1673 335 1720; x_wconf 84' lang='lat' dir='ltr'><strong>etiam</strong></span> <span class='ocrx_word' id='word_1_100' title='bbox 349 1680 432 1720; x_wconf 82' lang='lat' dir='ltr'><strong>eustos</strong></span> <span class='ocrx_word' id='word_1_101' title='bbox 446 1680 593 1733; x_wconf 77' lang='lat' dir='ltr'><strong>gustaverat</strong></span> <span class='ocrx_word' id='word_1_102' title='bbox 606 1673 673 1733; x_wconf 90' lang='lat' dir='ltr'><strong>iguis</strong></span> <span class='ocrx_word' id='word_1_103' title='bbox 689 1672 810 1730; x_wconf 65' lang='lat' dir='ltr'><strong>honores</strong></span> 
     </span>
     <span class='ocr_line' id='line_1_18' title="bbox 134 1761 747 1823; baseline 0 -14"><span class='ocrx_word' id='word_1_104' title='bbox 134 1763 245 1810; x_wconf 87' lang='lat' dir='ltr'><strong>necdum</strong></span> <span class='ocrx_word' id='word_1_105' title='bbox 257 1761 376 1808; x_wconf 84' lang='lat' dir='ltr'><strong>sollemni</strong></span> <span class='ocrx_word' id='word_1_106' title='bbox 391 1761 495 1822; x_wconf 80' lang='lat' dir='ltr'><strong>lympha</strong></span> <span class='ocrx_word' id='word_1_107' title='bbox 508 1761 612 1823; x_wconf 85' lang='lat' dir='ltr'><strong>perfusa</strong></span> <span class='ocrx_word' id='word_1_108' title='bbox 624 1761 747 1809; x_wconf 70' lang='lat' dir='ltr'><strong>sarcerdos</strong></span> 
     </span>
     <span class='ocr_line' id='line_1_19' title="bbox 134 1850 685 1913; baseline -0.002 -16"><span class='ocrx_word' id='word_1_109' title='bbox 134 1850 255 1913; x_wconf 84' lang='lat' dir='ltr'><strong>pallentis</strong></span> <span class='ocrx_word' id='word_1_110' title='bbox 269 1850 338 1897; x_wconf 84' lang='lat' dir='ltr'><strong>foliis</strong></span> <span class='ocrx_word' id='word_1_111' title='bbox 352 1857 428 1912; x_wconf 85' lang='lat' dir='ltr'><strong>eaput</strong></span> <span class='ocrx_word' id='word_1_112' title='bbox 441 1858 580 1898; x_wconf 82' lang='lat' dir='ltr'><strong>exornarat</strong></span> <span class='ocrx_word' id='word_1_113' title='bbox 593 1850 685 1906; x_wconf 82' lang='lat' dir='ltr'><strong>olivae,</strong></span> 
     </span>
     <span class='ocr_line' id='line_1_20' title="bbox 134 1938 826 2001; baseline -0.003 -15"><span class='ocrx_word' id='word_1_114' title='bbox 134 1956 192 1986; x_wconf 85' lang='lat' dir='ltr'><strong>eum</strong></span> <span class='ocrx_word' id='word_1_115' title='bbox 206 1940 278 2001; x_wconf 84' lang='lat' dir='ltr'><strong>lapsu</strong></span> <span class='ocrx_word' id='word_1_116' title='bbox 292 1955 305 1986; x_wconf 92' lang='lat' dir='ltr'><strong>e</strong></span> <span class='ocrx_word' id='word_1_117' title='bbox 319 1938 437 1987; x_wconf 84' lang='lat' dir='ltr'><strong>nrauilurs</strong></span> <span class='ocrx_word' id='word_1_118' title='bbox 452 1938 517 1998; x_wconf 83' lang='lat' dir='ltr'><strong>sugit</strong></span> <span class='ocrx_word' id='word_1_119' title='bbox 530 1938 583 1999; x_wconf 89' lang='lat' dir='ltr'><strong>pila</strong></span> <span class='ocrx_word' id='word_1_120' title='bbox 597 1953 709 1999; x_wconf 88' lang='lat' dir='ltr'><strong>eumque</strong></span> <span class='ocrx_word' id='word_1_121' title='bbox 723 1940 826 2000; x_wconf 83' lang='lat' dir='ltr'><strong>relapsu</strong></span> 
     </span>
     <span class='ocr_line' id='line_1_21' title="bbox 66 2027 743 2090; baseline -0.009 -13"><span class='ocrx_word' id='word_1_122' title='bbox 66 2035 115 2077; x_wconf 87' lang='grc'><strong>150</strong></span> <span class='ocrx_word' id='word_1_123' title='bbox 135 2029 262 2090; x_wconf 84' lang='lat' dir='ltr'><strong>procurrit</strong></span> <span class='ocrx_word' id='word_1_124' title='bbox 275 2028 354 2088; x_wconf 80' lang='lat' dir='ltr'><strong>virgo.</strong></span> <span class='ocrx_word' id='word_1_125' title='bbox 384 2028 452 2088; x_wconf 86' lang='lat' dir='ltr'><strong>quod</strong></span> <span class='ocrx_word' id='word_1_126' title='bbox 468 2028 502 2073; x_wconf 85' lang='lat' dir='ltr'><strong>uti</strong></span> <span class='ocrx_word' id='word_1_127' title='bbox 517 2041 549 2074; x_wconf 89' lang='lat' dir='ltr'><strong>ue</strong></span> <span class='ocrx_word' id='word_1_128' title='bbox 564 2027 666 2087; x_wconf 85' lang='lat' dir='ltr'><strong>prodita</strong></span> <span class='ocrx_word' id='word_1_129' title='bbox 679 2027 743 2074; x_wconf 84' lang='lat' dir='ltr'><strong>ludo</strong></span> 
     </span>
     <span class='ocr_line' id='line_1_22' title="bbox 134 2116 762 2178; baseline -0.002 -11"><span class='ocrx_word' id='word_1_130' title='bbox 134 2126 251 2167; x_wconf 71' lang='lat' dir='ltr'><strong>auratam</strong></span> <span class='ocrx_word' id='word_1_131' title='bbox 264 2117 354 2178; x_wconf 85' lang='lat' dir='ltr'><strong>gracili</strong></span> <span class='ocrx_word' id='word_1_132' title='bbox 368 2117 485 2163; x_wconf 76' lang='lat' dir='ltr'><strong>solvisscs</strong></span> <span class='ocrx_word' id='word_1_133' title='bbox 500 2129 607 2176; x_wconf 85' lang='lat' dir='ltr'><strong>corpore</strong></span> <span class='ocrx_word' id='word_1_134' title='bbox 621 2116 734 2177; x_wconf 82' lang='lat' dir='ltr'><strong>pallum!</strong></span> <span class='ocrx_word' id='word_1_135' title='bbox 759 2160 762 2166; x_wconf 94' lang='lat'>.</span> 
     </span>
     <span class='ocr_line' id='line_1_23' title="bbox 134 2204 813 2268; baseline -0.001 -16"><span class='ocrx_word' id='word_1_136' title='bbox 134 2208 222 2253; x_wconf 86' lang='lat' dir='ltr'><strong>onmia</strong></span> <span class='ocrx_word' id='word_1_137' title='bbox 236 2220 302 2268; x_wconf 88' lang='lat' dir='ltr'><strong>quac</strong></span> <span class='ocrx_word' id='word_1_138' title='bbox 315 2205 423 2252; x_wconf 83' lang='lat' dir='ltr'><strong>retinere</strong></span> <span class='ocrx_word' id='word_1_139' title='bbox 436 2204 545 2261; x_wconf 78' lang='lat' dir='ltr'><strong>gradum</strong></span> <span class='ocrx_word' id='word_1_140' title='bbox 560 2218 700 2264; x_wconf 83' lang='lat' dir='ltr'><strong>cursusque</strong></span> <span class='ocrx_word' id='word_1_141' title='bbox 715 2206 813 2252; x_wconf 82' lang='lat' dir='ltr'><strong>morari</strong></span> 
     </span>
     <span class='ocr_line' id='line_1_24' title="bbox 134 2292 762 2358; baseline 0 -18"><span class='ocrx_word' id='word_1_142' title='bbox 134 2304 239 2358; x_wconf 80' lang='lat' dir='ltr'><strong>possent</strong></span> <span class='ocrx_word' id='word_1_143' title='bbox 252 2310 267 2341; x_wconf 94' lang='lat'>0</span> <span class='ocrx_word' id='word_1_144' title='bbox 281 2301 363 2340; x_wconf 88' lang='lat' dir='ltr'><strong>tecum</strong></span> <span class='ocrx_word' id='word_1_145' title='bbox 379 2293 470 2340; x_wconf 84' lang='lat' dir='ltr'><strong>rcllcru</strong></span> <span class='ocrx_word' id='word_1_146' title='bbox 483 2300 509 2338; x_wconf 91' lang='lat' dir='ltr'><strong>tu</strong></span> <span class='ocrx_word' id='word_1_147' title='bbox 523 2306 623 2353; x_wconf 87' lang='lat' dir='ltr'><strong>semper</strong></span> <span class='ocrx_word' id='word_1_148' title='bbox 637 2292 762 2340; x_wconf 81' lang='lat' dir='ltr'><strong>haberes:</strong></span> 
     </span>
    </p>
   </div>
   <div class='ocr_carea' id='block_1_3' title="bbox 134 2372 740 2445">
    <p class='ocr_par' dir='ltr' id='par_1_3' title="bbox 134 2372 740 2445">
     <span class='ocr_line' id='line_1_25' title="bbox 134 2372 740 2445; baseline 0 -15"><span class='ocrx_word' id='word_1_149' title='bbox 134 2399 186 2431; x_wconf 89' lang='lat' dir='ltr'><strong>non</strong></span> <span class='ocrx_word' id='word_1_150' title='bbox 201 2398 323 2445; x_wconf 88' lang='lat' dir='ltr'><strong>umquam</strong></span> <span class='ocrx_word' id='word_1_151' title='bbox 337 2372 430 2430; x_wconf 81' lang='lat' dir='ltr'><strong>violata</strong></span> <span class='ocrx_word' id='word_1_152' title='bbox 447 2396 523 2427; x_wconf 84' lang='grc'><strong>111111111</strong></span> <span class='ocrx_word' id='word_1_153' title='bbox 538 2381 651 2428; x_wconf 83' lang='lat' dir='ltr'><strong>sacraria</strong></span> <span class='ocrx_word' id='word_1_154' title='bbox 664 2381 740 2430; x_wconf 80' lang='lat' dir='ltr'><strong>‹livae</strong></span> 
     </span>
    </p>
   </div>
   <div class='ocr_carea' id='block_1_4' title="bbox 67 2469 820 2724">
    <p class='ocr_par' dir='ltr' id='par_1_4' title="bbox 67 2469 820 2724">
     <span class='ocr_line' id='line_1_26' title="bbox 67 2469 723 2531; baseline -0.012 -8"><span class='ocrx_word' id='word_1_155' title='bbox 67 2480 115 2522; x_wconf 88' lang='grc'><strong>155</strong></span> <span class='ocrx_word' id='word_1_156' title='bbox 136 2474 243 2530; x_wconf 81' lang='lat' dir='ltr'><strong>urendo,</strong></span> <span class='ocrx_word' id='word_1_157' title='bbox 260 2471 358 2521; x_wconf 82' lang='lat' dir='ltr'><strong>iul&#39;clix.</strong></span> <span class='ocrx_word' id='word_1_158' title='bbox 375 2470 531 2531; x_wconf 83' lang='lat' dir='ltr'><strong>nequiquam</strong></span> <span class='ocrx_word' id='word_1_159' title='bbox 546 2479 602 2515; x_wconf 85' lang='lat' dir='ltr'><strong>turu</strong></span> <span class='ocrx_word' id='word_1_160' title='bbox 616 2469 723 2530; x_wconf 85' lang='lat' dir='ltr'><strong>piasses.</strong></span> 
     </span>
     <span class='ocr_line' id='line_1_27' title="bbox 131 2557 680 2628; baseline -0.018 -15"><span class='ocrx_word' id='word_1_161' title='bbox 131 2570 158 2613; x_wconf 89' lang='lat' dir='ltr'><strong>et</strong></span> <span class='ocrx_word' id='word_1_162' title='bbox 169 2561 252 2628; x_wconf 87' lang='lat' dir='ltr'><strong>siquis</strong></span> <span class='ocrx_word' id='word_1_163' title='bbox 266 2559 387 2610; x_wconf 84' lang='lat' dir='ltr'><strong>nocuisse</strong></span> <span class='ocrx_word' id='word_1_164' title='bbox 399 2558 446 2605; x_wconf 81' lang='grc'><strong>11111</strong></span> <span class='ocrx_word' id='word_1_165' title='bbox 459 2557 573 2620; x_wconf 83' lang='lat' dir='ltr'><strong>periuria</strong></span> <span class='ocrx_word' id='word_1_166' title='bbox 583 2558 680 2609; x_wconf 74' lang='grc'><strong>11111111,</strong></span> 
     </span>
     <span class='ocr_line' id='line_1_28' title="bbox 120 2643 820 2724; baseline -0.03 -16"><span class='ocrx_word' id='word_1_167' title='bbox 120 2672 206 2709; x_wconf 77' lang='lat' dir='ltr'><strong>causa</strong></span> <span class='ocrx_word' id='word_1_168' title='bbox 220 2656 267 2724; x_wconf 81' lang='lat' dir='ltr'><strong>pla</strong></span> <span class='ocrx_word' id='word_1_169' title='bbox 281 2662 340 2706; x_wconf 87' lang='lat' dir='ltr'><strong>est:</strong></span> <span class='ocrx_word' id='word_1_170' title='bbox 363 2650 456 2701; x_wconf 79' lang='lat' dir='ltr'><strong>linunt</strong></span> <span class='ocrx_word' id='word_1_171' title='bbox 468 2646 544 2695; x_wconf 79' lang='lat' dir='ltr'><strong>l&#39;rutri</strong></span> <span class='ocrx_word' id='word_1_172' title='bbox 554 2653 584 2690; x_wconf 82' lang='lat' dir='ltr'><strong>te</strong></span> <span class='ocrx_word' id='word_1_173' title='bbox 595 2643 731 2688; x_wconf 64' lang='lat' dir='ltr'><strong>escuem</strong></span> <span class='ocrx_word' id='word_1_174' title='bbox 737 2645 820 2687; x_wconf 64' lang='lat' dir='ltr'><strong>lune.</strong></span> 
     </span>
    </p>
   </div>
   <div class='ocr_carea' id='block_1_5' title="bbox 0 0 912 2956">
    <p class='ocr_par' dir='ltr' id='par_1_5' title="bbox 0 0 912 2956">
     <span class='ocr_line' id='line_1_29' title="bbox 0 0 912 2956; baseline 0 0"><span class='ocrx_word' id='word_1_175' title='bbox 0 0 912 2956; x_wconf 95' lang='lat' dir='ltr'><strong> </strong></span> 
     </span>
    </p>
   </div>
  </div>
 </body>
</html>
