1808 2956
312 185 337 222 P.
355 183 475 221 t'untttht
494 181 625 221 MARONIS

141 341 227 388 Aonio
241 341 341 388 rediens
355 340 480 388 deducam
493 339 586 386 vertice
599 353 696 396 musas,

142 430 238 492 primus
250 429 386 476 Idumaeas
400 427 508 475 reseram
521 426 577 486 tibi,
592 427 709 486 Mantua,
725 427 819 490 palmas

141 525 166 566 et
179 518 254 565 viridi
268 518 294 564 in
309 532 400 579 campo
414 517 538 578 templum
552 516 583 564 de
597 531 726 565 marmore
739 529 827 580 ponam
878 546 882 554 .

141 614 245 670 propter
259 620 362 668 aquam,
378 605 457 652 tardis
471 605 561 666 ingens
576 604 618 652 ubi
632 605 741 653 flexibus
755 612 818 654 errat

91 702 121 744 15
141 695 252 743 Mincius
266 702 290 742 ct
303 700 391 742 tenera
403 693 529 756 praetexit
542 692 688 741 harundine
701 693 779 755 ripas.

141 786 167 831 in
180 784 265 831 medio
279 782 341 829 mihi
356 781 452 830 Caesar
465 781 514 829 crit
526 782 702 844 templumque
715 782 817 831 tenebit.

141 873 178 921 illi
193 873 273 919 victor
285 886 333 930 ego
348 879 371 918 et
385 871 463 932 Tyrio
477 877 629 932 conspectus
643 871 669 917 in
684 878 754 919 ostro

141 968 243 1008 centum
257 959 424 1021 quadriiugos
438 958 542 1019 agitabo
556 958 588 1005 ad
602 958 710 1006 flumina
723 975 819 1008 currus.
880 968 885 991 ⁵

142 1056 234 1097 cuneta
245 1048 317 1101 mihi,
332 1047 588 1109 Alpheumlinquens
597 1047 721 1110 lucosque
728 1044 854 1097 Molorchi.

90 1144 121 1186 20
142 1137 257 1185 cursibus
272 1143 296 1184 et
309 1136 388 1184 crudo
403 1136 523 1183 decernet
536 1133 645 1183 Graecia
659 1144 738 1185 cestu.

141 1227 196 1288 ipse
210 1232 287 1287 eaput
299 1232 388 1272 tonsae
401 1224 469 1271 soliis
483 1230 588 1271 amatus
601 1224 684 1273 olivae

142 1316 211 1362 dona
223 1314 312 1360 feram.
340 1313 390 1359 iam
404 1327 473 1360 nunc
485 1313 617 1360 sollemnis
632 1313 726 1362 (lucere
739 1327 841 1377 pompas

142 1404 174 1450 ad
189 1402 295 1450 delubra
308 1402 377 1447 iuvat
390 1416 529 1463 caesosque
542 1402 627 1449 videre
641 1403 772 1463 iuvencos,

142 1493 179 1539 vel
194 1505 288 1537 scaena
300 1497 328 1536 ut
340 1490 417 1536 versis
434 1490 549 1537 discedat
561 1490 688 1537 frontibus
702 1501 781 1554 utque

89 1585 120 1626 ‘25
142 1594 270 1641 pui·purca
283 1578 373 1625 intexti
388 1578 481 1625 tollant
495 1580 586 1626 aulaea
598 1579 726 1626 Britanni.

142 1670 167 1715 in
182 1666 278 1713 foribus
291 1681 404 1728 pugnam
419 1681 451 1713 cx
464 1681 526 1713 auro
540 1668 677 1730 solideque
691 1669 827 1731 elephanto

142 1755 319 1816 Gangaridum
332 1755 425 1802 faciam
439 1756 593 1818 victorisque
607 1772 678 1804 arma
692 1756 803 1817 Quirini,

141 1853 218 1906 atque
232 1844 272 1891 hie
287 1845 427 1890 undantem
441 1843 510 1890 bello
524 1859 699 1906 magnumque
712 1847 832 1894 fluentem

141 1933 228 1980 Nilum
242 1947 271 1979 ae
285 1932 369 1979 navali
384 1932 511 1990 sumentis
526 1947 583 1980 aere
597 1933 740 1982 columnas.

89 2026 121 2068 30
142 2021 235 2068 addam
249 2021 323 2066 urbes
337 2020 415 2066 Asiae
430 2020 540 2066 domitas
553 2021 708 2083 pulsumque
721 2023 846 2086 Niphaten

141 2108 313 2169 fidentemque
328 2108 390 2170 fuga
401 2108 526 2155 Parthum
539 2110 668 2171 versisque
681 2111 782 2169 sagittis

141 2206 166 2245 et
178 2198 230 2244 duo
243 2205 317 2259 rapta
329 2212 407 2244 manu
422 2197 520 2245 diverso
534 2213 566 2245 ex
579 2198 651 2246 hoste
665 2206 772 2262 tropaea

141 2286 231 2348 bisque
245 2286 415 2347 triumphatas
429 2294 538 2348 utroque
551 2286 583 2333 ab
597 2287 672 2335 litore
685 2296 784 2348 gentes.

141 2374 244 2422 stabunt
258 2381 282 2421 ct
294 2374 363 2422 Parii
377 2375 485 2436 lapides,
500 2375 626 2436 spirantia
638 2376 721 2436 signa,

88 2469 120 2511 35
141 2463 261 2510 Assaraci
275 2463 360 2523 proles
375 2464 552 2525 demissaeque
566 2464 597 2510 ab
611 2464 670 2512 Iove
683 2467 768 2526 gcntis

141 2551 247 2599 nomina
258 2550 375 2612 Trosque
388 2566 481 2613 parcns
494 2559 519 2599 et
526 2552 620 2600 Troiae
628 2551 754 2614 Cynthius
769 2560 859 2603 auctor.

141 2639 241 2687 invidia
254 2638 344 2685 infelix
358 2638 436 2687 furias
450 2654 604 2703 arabemque
617 2655 733 2690 severum
