1808 2956
88 182 149 230 418
326 192 352 230 Ρ.
369 189 490 228 veneral
512 187 643 228 nunonis

159 348 212 395 fata
224 348 292 395 viam
305 338 453 394 invenient?
479 344 561 408 Stygii
576 359 622 407 per
633 344 744 393 flumina
757 345 852 405 fratris,

158 451 203 498 per
216 437 273 498 pice
286 435 405 483 torrentis
419 443 526 496 utraque
539 433 663 494 voragine
675 433 747 495 ripas

92 529 140 572 115
161 525 252 571 adnuit
265 531 289 572 et
302 531 383 571 toturn
398 532 461 571 nutu
475 522 616 570 tremefecit
628 521 781 584 Olympum.

160 612 202 660 hie
216 613 273 659 finis
286 612 366 659 fandi.
395 612 461 658 solio
476 619 529 658 tum
541 611 657 672 Iuppiter
671 626 751 658 aureo

159 701 249 761 surgit,
266 701 405 748 caelicolae
419 700 532 747 medium
546 713 623 760 quem
637 699 668 745 ad
681 699 884 749 liminaducunt.

195 789 296 836 Interea
308 788 395 835 Rutuli
410 789 489 851 portis
504 788 599 835 circum
613 787 733 835 omnibus
748 789 848 838 instant

160 886 273 925 sternere
287 878 365 925 caede
378 877 444 924 viros
459 885 483 924 et
495 877 598 924 moenia
612 877 716 937 cingere
732 878 853 926 flammis.

92 972 141 1014 120
161 974 187 1012 at
200 966 268 1026 legio
282 967 435 1013 Aeneadum
448 966 522 1012 valiis
535 965 640 1013 obsessa
652 972 763 1024 tenetur,

161 1069 208 1102 nce
221 1068 279 1116 spes
294 1055 347 1101 ulla
361 1055 445 1114 tugne.
474 1053 560 1100 miseri
574 1060 643 1100 stant
657 1053 770 1101 turribus
785 1056 844 1104 altis

161 1143 317 1204 nequiquam
331 1151 356 1189 et
368 1157 426 1189 rara
440 1157 526 1189 muros
540 1142 642 1189 cinxere
656 1156 763 1189 corona.

160 1232 237 1279 Asius
249 1230 405 1278 Imbrasides
419 1230 637 1292 Hicetaoniusque
650 1231 810 1293 Thymoetes

160 1319 334 1380 Assaracique
352 1319 403 1365 duo
422 1325 447 1366 et
459 1319 545 1366 senior
559 1334 616 1366 eum
631 1318 739 1369 Castore
753 1322 887 1385 Thymbris

93 1414 141 1457 125
161 1409 244 1470 prima
257 1408 339 1456 acies:
355 1407 402 1454 hos
416 1408 530 1468 germani
545 1407 702 1470 Sarpedonis
716 1409 807 1470 ambo,

161 1504 186 1546 et
200 1496 291 1545 Clarus
305 1504 330 1545 et
342 1496 469 1554 Theman,
486 1496 567 1558 Lycia
580 1497 737 1545 comitantur
750 1498 782 1547 ab
798 1500 860 1548 alta.

161 1585 210 1633 fert
222 1586 313 1647 ingens
327 1593 380 1632 toto
395 1585 503 1632 conixus
517 1599 625 1646 corpore
638 1599 739 1643 saxum,

161 1675 230 1722 haud
244 1681 342 1737 partem
356 1674 477 1735 exiguam
491 1673 595 1732 montis,
610 1668 750 1735 Lyrnesius
764 1675 878 1734 Acmon,

162 1778 209 1811 nec
224 1762 308 1825 Clytio
322 1763 438 1824 genitore
451 1761 536 1809 minor
548 1777 596 1810 nec
609 1762 686 1810 fratre
699 1763 863 1814 Menestheo.

94 1857 143 1899 130
162 1851 189 1898 hi
202 1852 302 1910 iaculis,
318 1851 356 1898 illi
371 1856 469 1898 certant
482 1850 618 1899 defendere
631 1850 700 1899 saxis

161 1941 299 2001 molirique
312 1940 398 2000 ignem
411 1954 541 2000 nervoque
554 1947 643 2002 aptare
656 1939 773 2000 sagittas.

162 2029 216 2091 ipse
230 2029 296 2075 iuter
309 2028 416 2085 medios,
436 2027 543 2075 Veneris
557 2028 697 2075 iustissima
711 2043 782 2088 cura,

161 2117 309 2165 Dardanius
323 2125 400 2178 caput
413 2131 472 2164 ecee
486 2132 549 2179 puer
563 2117 675 2165 detectus
689 2116 839 2177 honestum,

163 2206 246 2268 qualis
259 2219 362 2265 gemma
374 2205 452 2252 micat
465 2204 561 2253 fulvom
575 2220 641 2267 quae
655 2205 863 2266 divinitatum,

94 2300 141 2342 135
163 2301 207 2342 aut
221 2294 289 2341 collo
303 2293 380 2341 decus
393 2301 439 2341 ant
451 2294 537 2356 capiti,
552 2295 591 2342 vel
606 2295 682 2356 quale
695 2309 741 2356 per
754 2304 838 2344 artem

162 2383 292 2430 inclusum
306 2382 373 2429 buxo
387 2389 432 2430 ant
445 2381 533 2430 Oricia
546 2381 690 2430 terebintho

162 2473 231 2520 lueet
245 2471 323 2530 ebnr;
343 2471 413 2518 fusos
427 2471 512 2519 cervix
526 2471 565 2519 cni
581 2472 664 2519 lactea
678 2471 755 2519 crinis

163 2561 258 2623 accipit
271 2567 296 2607 et
308 2561 381 2608 molli
394 2560 522 2608 subnectit
536 2560 646 2608 circulus
660 2574 732 2606 auro.

150 2658 176 2702 tc
190 2668 301 2720 quoque
313 2652 505 2720 magnanimae
518 2648 773 2704 viderunmsmare,
784 2657 876 2703 gentes
