<?xml version="1.0" encoding="UTF-8"?>
<!DOCTYPE html PUBLIC "-//W3C//DTD XHTML 1.0 Transitional//EN"
    "http://www.w3.org/TR/xhtml1/DTD/xhtml1-transitional.dtd">
<html xmlns="http://www.w3.org/1999/xhtml" xml:lang="en" lang="en">
 <head>
  <title>
</title>
<meta http-equiv="Content-Type" content="text/html;charset=utf-8" />
  <meta name='ocr-system' content='tesseract 3.04.00' />
  <meta name='ocr-capabilities' content='ocr_page ocr_carea ocr_par ocr_line ocrx_word'/>
</head>
<body>
  <div class='ocr_page' id='page_1' title='image "./pvergiliusmaro00virggoog/pvergiliusmaro00virggoog_0518.png"; bbox 0 0 1808 2956; ppageno 0'>
   <div class='ocr_carea' id='block_1_1' title="bbox 352 183 539 224">
    <p class='ocr_par' dir='ltr' id='par_1_1' title="bbox 352 183 539 224">
     <span class='ocr_line' id='line_1_1' title="bbox 352 183 539 224; baseline -0.005 0"><span class='ocrx_word' id='word_1_1' title='bbox 352 183 539 224; x_wconf 76' lang='lat' dir='ltr'><strong>CATALEcrA.</strong></span> 
     </span>
    </p>
   </div>
   <div class='ocr_carea' id='block_1_2' title="bbox 70 342 780 1818">
    <p class='ocr_par' dir='ltr' id='par_1_2' title="bbox 70 342 598 760">
     <span class='ocr_line' id='line_1_2' title="bbox 70 342 446 401; baseline -0.005 -9"><span class='ocrx_word' id='word_1_2' title='bbox 70 349 101 392; x_wconf 91' lang='grc'><strong>10</strong></span> <span class='ocrx_word' id='word_1_3' title='bbox 122 359 166 392; x_wconf 90' lang='lat' dir='ltr'><strong>seu</strong></span> <span class='ocrx_word' id='word_1_4' title='bbox 180 342 248 391; x_wconf 83' lang='lat' dir='ltr'><strong>furta</strong></span> <span class='ocrx_word' id='word_1_5' title='bbox 261 343 381 391; x_wconf 88' lang='lat' dir='ltr'><strong>dicantur</strong></span> <span class='ocrx_word' id='word_1_6' title='bbox 393 350 446 401; x_wconf 88' lang='lat' dir='ltr'><strong>tua,</strong></span> 
     </span>
     <span class='ocr_line' id='line_1_3' title="bbox 122 431 503 493; baseline -0.008 -13"><span class='ocrx_word' id='word_1_7' title='bbox 122 440 147 481; x_wconf 85' lang='lat' dir='ltr'><strong>at</strong></span> <span class='ocrx_word' id='word_1_8' title='bbox 159 432 264 480; x_wconf 83' lang='lat' dir='ltr'><strong>helnato</strong></span> <span class='ocrx_word' id='word_1_9' title='bbox 277 447 335 479; x_wconf 85' lang='lat' dir='ltr'><strong>sera</strong></span> <span class='ocrx_word' id='word_1_10' title='bbox 347 431 503 493; x_wconf 86' lang='lat' dir='ltr'><strong>patrimonio</strong></span> 
     </span>
     <span class='ocr_line' id='line_1_4' title="bbox 120 520 423 582; baseline -0.003 -13"><span class='ocrx_word' id='word_1_11' title='bbox 120 522 148 569; x_wconf 90' lang='lat' dir='ltr'><strong>in</strong></span> <span class='ocrx_word' id='word_1_12' title='bbox 161 520 239 569; x_wconf 85' lang='lat' dir='ltr'><strong>fratre</strong></span> <span class='ocrx_word' id='word_1_13' title='bbox 254 521 423 582; x_wconf 78' lang='lat' dir='ltr'><strong>parsimonia,</strong></span> 
     </span>
     <span class='ocr_line' id='line_1_5' title="bbox 122 609 598 671; baseline -0.002 -15"><span class='ocrx_word' id='word_1_14' title='bbox 122 611 160 658; x_wconf 92' lang='lat' dir='ltr'><strong>vel</strong></span> <span class='ocrx_word' id='word_1_15' title='bbox 173 616 232 657; x_wconf 86' lang='lat' dir='ltr'><strong>acta</strong></span> <span class='ocrx_word' id='word_1_16' title='bbox 244 624 324 671; x_wconf 89' lang='lat' dir='ltr'><strong>puero</strong></span> <span class='ocrx_word' id='word_1_17' title='bbox 339 624 397 656; x_wconf 88' lang='lat' dir='ltr'><strong>cum</strong></span> <span class='ocrx_word' id='word_1_18' title='bbox 409 609 468 655; x_wconf 90' lang='lat' dir='ltr'><strong>viris</strong></span> <span class='ocrx_word' id='word_1_19' title='bbox 482 609 598 656; x_wconf 85' lang='lat' dir='ltr'><strong>convivia</strong></span> 
     </span>
     <span class='ocr_line' id='line_1_6' title="bbox 121 700 514 760; baseline -0.005 -14"><span class='ocrx_word' id='word_1_20' title='bbox 121 700 239 760; x_wconf 85' lang='lat' dir='ltr'><strong>udaeque</strong></span> <span class='ocrx_word' id='word_1_21' title='bbox 253 712 297 760; x_wconf 89' lang='lat' dir='ltr'><strong>per</strong></span> <span class='ocrx_word' id='word_1_22' title='bbox 310 712 429 745; x_wconf 85' lang='lat' dir='ltr'><strong>somnum</strong></span> <span class='ocrx_word' id='word_1_23' title='bbox 443 704 514 745; x_wconf 88' lang='lat' dir='ltr'><strong>nates</strong></span> 
     </span>
    </p>

    <p class='ocr_par' dir='ltr' id='par_1_3' title="bbox 71 785 687 1202">
     <span class='ocr_line' id='line_1_7' title="bbox 71 785 630 849; baseline -0.009 -13"><span class='ocrx_word' id='word_1_24' title='bbox 71 793 101 836; x_wconf 88' lang='lat'><strong>15</strong></span> <span class='ocrx_word' id='word_1_25' title='bbox 122 796 148 835; x_wconf 86' lang='lat' dir='ltr'><strong>et</strong></span> <span class='ocrx_word' id='word_1_26' title='bbox 159 787 241 834; x_wconf 89' lang='lat' dir='ltr'><strong>inscio</strong></span> <span class='ocrx_word' id='word_1_27' title='bbox 254 793 358 849; x_wconf 84' lang='lat' dir='ltr'><strong>reponte</strong></span> <span class='ocrx_word' id='word_1_28' title='bbox 371 785 511 833; x_wconf 88' lang='lat' dir='ltr'><strong>clamatum</strong></span> <span class='ocrx_word' id='word_1_29' title='bbox 525 786 630 848; x_wconf 86' lang='lat' dir='ltr'><strong>insuper</strong></span> 
     </span>
     <span class='ocr_line' id='line_1_8' title="bbox 123 875 405 933; baseline -0.007 -10"><span class='ocrx_word' id='word_1_30' title='bbox 123 876 255 933; x_wconf 79' lang='lat' dir='ltr'><strong>thalassio,</strong></span> <span class='ocrx_word' id='word_1_31' title='bbox 272 875 405 923; x_wconf 84' lang='lat' dir='ltr'><strong>thalassio.</strong></span> 
     </span>
     <span class='ocr_line' id='line_1_9' title="bbox 123 962 687 1027; baseline -0.005 -16"><span class='ocrx_word' id='word_1_32' title='bbox 123 965 184 1027; x_wconf 91' lang='lat' dir='ltr'><strong>quid</strong></span> <span class='ocrx_word' id='word_1_33' title='bbox 198 964 323 1026; x_wconf 85' lang='lat' dir='ltr'><strong>palluisti,</strong></span> <span class='ocrx_word' id='word_1_34' title='bbox 339 962 452 1010; x_wconf 74' lang='lat' dir='ltr'><strong>feminal</strong></span> <span class='ocrx_word' id='word_1_35' title='bbox 471 977 503 1010; x_wconf 84' lang='lat' dir='ltr'><strong>an</strong></span> <span class='ocrx_word' id='word_1_36' title='bbox 517 963 567 1010; x_wconf 91' lang='lat' dir='ltr'><strong>ioci</strong></span> <span class='ocrx_word' id='word_1_37' title='bbox 582 962 687 1010; x_wconf 77' lang='lat' dir='ltr'><strong>dolenti</strong></span> 
     </span>
     <span class='ocr_line' id='line_1_10' title="bbox 123 1051 461 1113; baseline -0.012 -12"><span class='ocrx_word' id='word_1_38' title='bbox 123 1068 156 1102; x_wconf 92' lang='lat' dir='ltr'><strong>an</strong></span> <span class='ocrx_word' id='word_1_39' title='bbox 170 1053 238 1100; x_wconf 83' lang='lat' dir='ltr'><strong>facta</strong></span> <span class='ocrx_word' id='word_1_40' title='bbox 251 1052 386 1113; x_wconf 85' lang='lat' dir='ltr'><strong>cognoscis</strong></span> <span class='ocrx_word' id='word_1_41' title='bbox 401 1051 461 1099; x_wconf 75' lang='lat' dir='ltr'><strong>tna?</strong></span> 
     </span>
     <span class='ocr_line' id='line_1_11' title="bbox 122 1139 639 1202; baseline -0.004 -14"><span class='ocrx_word' id='word_1_42' title='bbox 122 1156 174 1188; x_wconf 89' lang='lat' dir='ltr'><strong>non</strong></span> <span class='ocrx_word' id='word_1_43' title='bbox 188 1156 229 1188; x_wconf 89' lang='lat' dir='ltr'><strong>me</strong></span> <span class='ocrx_word' id='word_1_44' title='bbox 242 1141 345 1188; x_wconf 88' lang='lat' dir='ltr'><strong>vocabis</strong></span> <span class='ocrx_word' id='word_1_45' title='bbox 359 1155 452 1202; x_wconf 89' lang='lat' dir='ltr'><strong>spurca</strong></span> <span class='ocrx_word' id='word_1_46' title='bbox 464 1155 510 1202; x_wconf 86' lang='lat' dir='ltr'><strong>per</strong></span> <span class='ocrx_word' id='word_1_47' title='bbox 524 1139 639 1202; x_wconf 85' lang='lat' dir='ltr'><strong>Cotyttia</strong></span> 
     </span>
    </p>

    <p class='ocr_par' dir='ltr' id='par_1_4' title="bbox 71 1229 780 1644">
     <span class='ocr_line' id='line_1_12' title="bbox 71 1229 408 1288; baseline -0.006 -11"><span class='ocrx_word' id='word_1_48' title='bbox 71 1235 104 1277; x_wconf 79' lang='lat'><strong>20</strong></span> <span class='ocrx_word' id='word_1_49' title='bbox 123 1232 154 1277; x_wconf 75' lang='lat' dir='ltr'><strong>acl</strong></span> <span class='ocrx_word' id='word_1_50' title='bbox 169 1230 273 1277; x_wconf 80' lang='lat' dir='ltr'><strong>feriatos</strong></span> <span class='ocrx_word' id='word_1_51' title='bbox 287 1229 408 1288; x_wconf 83' lang='lat' dir='ltr'><strong>fascinos,</strong></span> 
     </span>
     <span class='ocr_line' id='line_1_13' title="bbox 123 1317 661 1366; baseline -0.002 -1"><span class='ocrx_word' id='word_1_52' title='bbox 123 1334 170 1366; x_wconf 85' lang='lat' dir='ltr'><strong>nec</strong></span> <span class='ocrx_word' id='word_1_53' title='bbox 184 1319 244 1365; x_wconf 88' lang='lat' dir='ltr'><strong>dein</strong></span> <span class='ocrx_word' id='word_1_54' title='bbox 257 1333 359 1365; x_wconf 85' lang='lat' dir='ltr'><strong>movere</strong></span> <span class='ocrx_word' id='word_1_55' title='bbox 373 1317 473 1365; x_wconf 88' lang='lat' dir='ltr'><strong>lumbos</strong></span> <span class='ocrx_word' id='word_1_56' title='bbox 487 1317 513 1363; x_wconf 89' lang='lat' dir='ltr'><strong>in</strong></span> <span class='ocrx_word' id='word_1_57' title='bbox 528 1318 661 1364; x_wconf 84' lang='lat' dir='ltr'><strong>crocotula</strong></span> 
     </span>
     <span class='ocr_line' id='line_1_14' title="bbox 124 1406 476 1469; baseline -0.003 -15"><span class='ocrx_word' id='word_1_58' title='bbox 124 1407 221 1469; x_wconf 84' lang='lat' dir='ltr'><strong>prensis</strong></span> <span class='ocrx_word' id='word_1_59' title='bbox 235 1406 327 1454; x_wconf 85' lang='lat' dir='ltr'><strong>videbo</strong></span> <span class='ocrx_word' id='word_1_60' title='bbox 344 1407 476 1465; x_wconf 78' lang='lat' dir='ltr'><strong>altaribus,</strong></span> 
     </span>
     <span class='ocr_line' id='line_1_15' title="bbox 123 1495 780 1557; baseline 0 -15"><span class='ocrx_word' id='word_1_61' title='bbox 123 1497 267 1556; x_wconf 82' lang='lat' dir='ltr'><strong>flavumque</strong></span> <span class='ocrx_word' id='word_1_62' title='bbox 280 1502 384 1556; x_wconf 85' lang='lat' dir='ltr'><strong>proptor</strong></span> <span class='ocrx_word' id='word_1_63' title='bbox 397 1495 521 1557; x_wconf 86' lang='lat' dir='ltr'><strong>Thybrim</strong></span> <span class='ocrx_word' id='word_1_64' title='bbox 535 1496 633 1543; x_wconf 84' lang='lat' dir='ltr'><strong>olentes</strong></span> <span class='ocrx_word' id='word_1_65' title='bbox 648 1495 780 1543; x_wconf 87' lang='lat' dir='ltr'><strong>nauticum</strong></span> 
     </span>
     <span class='ocr_line' id='line_1_16' title="bbox 124 1582 502 1644; baseline 0.008 -18"><span class='ocrx_word' id='word_1_66' title='bbox 124 1596 224 1637; x_wconf 84' lang='lat' dir='ltr'><strong>vocure,</strong></span> <span class='ocrx_word' id='word_1_67' title='bbox 240 1582 284 1627; x_wconf 89' lang='lat' dir='ltr'><strong>nbi</strong></span> <span class='ocrx_word' id='word_1_68' title='bbox 298 1585 422 1644; x_wconf 84' lang='lat' dir='ltr'><strong>appulsae</strong></span> <span class='ocrx_word' id='word_1_69' title='bbox 436 1590 502 1631; x_wconf 86' lang='lat' dir='ltr'><strong>rates</strong></span> 
     </span>
    </p>

    <p class='ocr_par' dir='ltr' id='par_1_5' title="bbox 72 1669 656 1818">
     <span class='ocr_line' id='line_1_17' title="bbox 72 1669 656 1719; baseline 0.002 -1"><span class='ocrx_word' id='word_1_70' title='bbox 72 1675 104 1718; x_wconf 80' lang='lat'><strong>25</strong></span> <span class='ocrx_word' id='word_1_71' title='bbox 125 1675 194 1715; x_wconf 87' lang='lat' dir='ltr'><strong>stant</strong></span> <span class='ocrx_word' id='word_1_72' title='bbox 206 1669 232 1713; x_wconf 88' lang='lat' dir='ltr'><strong>in</strong></span> <span class='ocrx_word' id='word_1_73' title='bbox 246 1669 317 1715; x_wconf 86' lang='lat' dir='ltr'><strong>vadis</strong></span> <span class='ocrx_word' id='word_1_74' title='bbox 331 1684 410 1718; x_wconf 87' lang='lat' dir='ltr'><strong>cacno</strong></span> <span class='ocrx_word' id='word_1_75' title='bbox 423 1677 537 1718; x_wconf 82' lang='lat' dir='ltr'><strong>retentae</strong></span> <span class='ocrx_word' id='word_1_76' title='bbox 551 1672 656 1719; x_wconf 88' lang='lat' dir='ltr'><strong>sordido</strong></span> 
     </span>
     <span class='ocr_line' id='line_1_18' title="bbox 124 1756 497 1818; baseline 0 -13"><span class='ocrx_word' id='word_1_77' title='bbox 124 1771 263 1818; x_wconf 83' lang='lat' dir='ltr'><strong>macraquc</strong></span> <span class='ocrx_word' id='word_1_78' title='bbox 277 1756 402 1804; x_wconf 84' lang='lat' dir='ltr'><strong>luctantes</strong></span> <span class='ocrx_word' id='word_1_79' title='bbox 416 1773 497 1818; x_wconf 84' lang='lat' dir='ltr'><strong>aqua3</strong></span> 
     </span>
    </p>
   </div>
   <div class='ocr_carea' id='block_1_3' title="bbox 125 1844 666 1997">
    <p class='ocr_par' dir='ltr' id='par_1_6' title="bbox 125 1844 666 1997">
     <span class='ocr_line' id='line_1_19' title="bbox 125 1844 666 1910; baseline 0.006 -18"><span class='ocrx_word' id='word_1_80' title='bbox 125 1860 209 1908; x_wconf 81' lang='lat' dir='ltr'><strong>nequo</strong></span> <span class='ocrx_word' id='word_1_81' title='bbox 222 1845 248 1891; x_wconf 91' lang='lat' dir='ltr'><strong>in</strong></span> <span class='ocrx_word' id='word_1_82' title='bbox 263 1844 374 1892; x_wconf 83' lang='lat' dir='ltr'><strong>culinam</strong></span> <span class='ocrx_word' id='word_1_83' title='bbox 388 1853 412 1892; x_wconf 87' lang='lat' dir='ltr'><strong>ct</strong></span> <span class='ocrx_word' id='word_1_84' title='bbox 425 1853 503 1893; x_wconf 85' lang='lat' dir='ltr'><strong>uncta</strong></span> <span class='ocrx_word' id='word_1_85' title='bbox 516 1848 666 1910; x_wconf 82' lang='lat' dir='ltr'><strong>compitalia</strong></span> 
     </span>
     <span class='ocr_line' id='line_1_20' title="bbox 125 1933 486 1997; baseline -0.011 -14"><span class='ocrx_word' id='word_1_86' title='bbox 125 1936 255 1997; x_wconf 80' lang='lat' dir='ltr'><strong>dapesque</strong></span> <span class='ocrx_word' id='word_1_87' title='bbox 269 1933 346 1980; x_wconf 84' lang='lat' dir='ltr'><strong>duces</strong></span> <span class='ocrx_word' id='word_1_88' title='bbox 360 1934 486 1992; x_wconf 82' lang='lat' dir='ltr'><strong>sordidas,</strong></span> 
     </span>
    </p>
   </div>
   <div class='ocr_carea' id='block_1_4' title="bbox 70 2021 782 2709">
    <p class='ocr_par' dir='ltr' id='par_1_7' title="bbox 125 2021 605 2086">
     <span class='ocr_line' id='line_1_21' title="bbox 125 2021 605 2086; baseline -0.004 -16"><span class='ocrx_word' id='word_1_89' title='bbox 125 2024 216 2086; x_wconf 85' lang='lat' dir='ltr'><strong>quibus</strong></span> <span class='ocrx_word' id='word_1_90' title='bbox 231 2022 343 2084; x_wconf 89' lang='lat' dir='ltr'><strong>rcplctus</strong></span> <span class='ocrx_word' id='word_1_91' title='bbox 356 2029 384 2070; x_wconf 88' lang='lat' dir='ltr'><strong>ut</strong></span> <span class='ocrx_word' id='word_1_92' title='bbox 395 2021 513 2069; x_wconf 79' lang='lat' dir='ltr'><strong>saliuosis</strong></span> <span class='ocrx_word' id='word_1_93' title='bbox 526 2022 605 2069; x_wconf 83' lang='lat' dir='ltr'><strong>labris</strong></span> 
     </span>
    </p>

    <p class='ocr_par' dir='ltr' id='par_1_8' title="bbox 71 2111 782 2512">
     <span class='ocr_line' id='line_1_22' title="bbox 71 2111 481 2161; baseline -0.01 0"><span class='ocrx_word' id='word_1_94' title='bbox 71 2119 104 2161; x_wconf 85' lang='lat'><strong>30</strong></span> <span class='ocrx_word' id='word_1_95' title='bbox 125 2112 230 2159; x_wconf 85' lang='lat' dir='ltr'><strong>obesam</strong></span> <span class='ocrx_word' id='word_1_96' title='bbox 243 2112 275 2158; x_wconf 89' lang='lat' dir='ltr'><strong>ad</strong></span> <span class='ocrx_word' id='word_1_97' title='bbox 289 2125 397 2158; x_wconf 86' lang='lat' dir='ltr'><strong>uxorem</strong></span> <span class='ocrx_word' id='word_1_98' title='bbox 413 2111 481 2158; x_wconf 87' lang='lat' dir='ltr'><strong>redis</strong></span> 
     </span>
     <span class='ocr_line' id='line_1_23' title="bbox 124 2198 624 2261; baseline 0 -14"><span class='ocrx_word' id='word_1_99' title='bbox 124 2207 149 2247; x_wconf 90' lang='lat' dir='ltr'><strong>et</strong></span> <span class='ocrx_word' id='word_1_100' title='bbox 162 2207 307 2246; x_wconf 78' lang='lat' dir='ltr'><strong>aestuantes</strong></span> <span class='ocrx_word' id='word_1_101' title='bbox 322 2207 397 2247; x_wconf 84' lang='lat' dir='ltr'><strong>nocto</strong></span> <span class='ocrx_word' id='word_1_102' title='bbox 410 2198 487 2246; x_wconf 88' lang='lat' dir='ltr'><strong>solvis</strong></span> <span class='ocrx_word' id='word_1_103' title='bbox 500 2199 624 2261; x_wconf 86' lang='lat' dir='ltr'><strong>pantices,</strong></span> 
     </span>
     <span class='ocr_line' id='line_1_24' title="bbox 124 2287 452 2350; baseline -0.003 -15"><span class='ocrx_word' id='word_1_104' title='bbox 124 2302 153 2335; x_wconf 90' lang='lat' dir='ltr'><strong>os</strong></span> <span class='ocrx_word' id='word_1_105' title='bbox 167 2303 248 2350; x_wconf 89' lang='lat' dir='ltr'><strong>usque</strong></span> <span class='ocrx_word' id='word_1_106' title='bbox 260 2287 353 2336; x_wconf 84' lang='lat' dir='ltr'><strong>lambis</strong></span> <span class='ocrx_word' id='word_1_107' title='bbox 367 2287 452 2334; x_wconf 89' lang='lat' dir='ltr'><strong>saviis.</strong></span> 
     </span>
     <span class='ocr_line' id='line_1_25' title="bbox 124 2375 782 2439; baseline 0.002 -16"><span class='ocrx_word' id='word_1_108' title='bbox 124 2391 193 2424; x_wconf 89' lang='lat' dir='ltr'><strong>nnnc</strong></span> <span class='ocrx_word' id='word_1_109' title='bbox 207 2377 289 2434; x_wconf 88' lang='lat' dir='ltr'><strong>laede,</strong></span> <span class='ocrx_word' id='word_1_110' title='bbox 306 2390 374 2423; x_wconf 90' lang='lat' dir='ltr'><strong>nunc</strong></span> <span class='ocrx_word' id='word_1_111' title='bbox 388 2376 493 2433; x_wconf 84' lang='lat' dir='ltr'><strong>lacesse,</strong></span> <span class='ocrx_word' id='word_1_112' title='bbox 510 2375 530 2423; x_wconf 90' lang='lat' dir='ltr'><strong>si</strong></span> <span class='ocrx_word' id='word_1_113' title='bbox 545 2376 684 2439; x_wconf 88' lang='lat' dir='ltr'><strong>quicquam</strong></span> <span class='ocrx_word' id='word_1_114' title='bbox 697 2378 782 2426; x_wconf 86' lang='lat' dir='ltr'><strong>vales:</strong></span> 
     </span>
     <span class='ocr_line' id='line_1_26' title="bbox 124 2464 484 2512; baseline -0.003 0"><span class='ocrx_word' id='word_1_115' title='bbox 124 2472 149 2512; x_wconf 87' lang='lat' dir='ltr'><strong>ct</strong></span> <span class='ocrx_word' id='word_1_116' title='bbox 162 2479 257 2512; x_wconf 85' lang='lat' dir='ltr'><strong>nomeu</strong></span> <span class='ocrx_word' id='word_1_117' title='bbox 271 2464 390 2512; x_wconf 81' lang='lat' dir='ltr'><strong>adscribo</strong></span> <span class='ocrx_word' id='word_1_118' title='bbox 404 2472 484 2511; x_wconf 74' lang='lat' dir='ltr'><strong>trium.</strong></span> 
     </span>
    </p>

    <p class='ocr_par' dir='ltr' id='par_1_9' title="bbox 70 2553 656 2709">
     <span class='ocr_line' id='line_1_27' title="bbox 70 2553 656 2618; baseline 0.002 -16"><span class='ocrx_word' id='word_1_119' title='bbox 70 2559 104 2602; x_wconf 81' lang='lat'><strong>35</strong></span> <span class='ocrx_word' id='word_1_120' title='bbox 125 2553 232 2600; x_wconf 84' lang='lat' dir='ltr'><strong>cinaeda</strong></span> <span class='ocrx_word' id='word_1_121' title='bbox 245 2553 318 2611; x_wconf 84' lang='lat' dir='ltr'><strong>Luci,</strong></span> <span class='ocrx_word' id='word_1_122' title='bbox 334 2568 367 2600; x_wconf 91' lang='lat' dir='ltr'><strong>an</strong></span> <span class='ocrx_word' id='word_1_123' title='bbox 382 2560 406 2601; x_wconf 87' lang='lat' dir='ltr'><strong>tc</strong></span> <span class='ocrx_word' id='word_1_124' title='bbox 418 2554 579 2616; x_wconf 82' lang='lat' dir='ltr'><strong>reliquerunt</strong></span> <span class='ocrx_word' id='word_1_125' title='bbox 591 2569 656 2618; x_wconf 78' lang='lat' dir='ltr'><strong>opes</strong></span> 
     </span>
     <span class='ocr_line' id='line_1_28' title="bbox 120 2641 503 2709; baseline 0.021 -23"><span class='ocrx_word' id='word_1_126' title='bbox 120 2641 239 2701; x_wconf 74' lang='lat' dir='ltr'><strong>fameque</strong></span> <span class='ocrx_word' id='word_1_127' title='bbox 249 2642 358 2702; x_wconf 85' lang='lat' dir='ltr'><strong>genuini</strong></span> <span class='ocrx_word' id='word_1_128' title='bbox 374 2646 503 2709; x_wconf 70' lang='lat' dir='ltr'><strong>crepant?</strong></span> 
     </span>
    </p>
   </div>
   <div class='ocr_carea' id='block_1_5' title="bbox 0 0 908 2956">
    <p class='ocr_par' dir='ltr' id='par_1_10' title="bbox 0 0 908 2956">
     <span class='ocr_line' id='line_1_29' title="bbox 0 0 908 2956; baseline 0 0"><span class='ocrx_word' id='word_1_129' title='bbox 0 0 908 2956; x_wconf 95' lang='lat' dir='ltr'><strong> </strong></span> 
     </span>
    </p>
   </div>
  </div>
 </body>
</html>
