1808 2956
285 163 433 203 Aruernos
453 165 540 205 urana
556 167 575 206 1.
697 149 701 155 ’
770 159 826 204 131

59 323 87 367 40
103 320 228 382 Argivom
241 328 319 383 atque
331 321 400 383 ipsos
414 322 497 383 potuit
509 321 673 383 submergere
686 332 776 386 ponto,
809 350 818 370 .

104 409 178 457 unius
192 409 225 457 ob
239 424 335 456 noxam
348 417 374 458 et
386 410 464 457 furias
476 410 565 458 Aiacis
580 410 666 459 Oilei?

103 497 159 560 ipsa
171 497 239 546 Iovis
252 498 371 560 rapidum
384 499 498 546 iaculata
510 513 524 546 e
536 499 648 546 nubibus
661 501 749 562 ignem

103 586 255 648 disiecitque
267 593 335 634 rates
348 586 488 648 evertitque
502 601 615 649 aequora
628 590 717 646 ventis,

103 675 177 723 illum
189 667 351 738 expirantem
365 675 489 722 transfixo
503 684 607 738 pectore
620 676 735 724 flammas

57 767 85 810 45
103 763 206 812 turbine
219 764 344 826 corripuit
356 765 516 826 scopuloque
530 765 615 811 infixit
627 773 718 813 actito:

103 859 143 899 ast
155 867 213 914 ego,
230 867 296 914 quae
311 853 396 900 divom
409 853 502 900 incedo
516 854 614 914 regina,
630 853 750 916 Iovisque

104 947 129 989 et
141 956 215 988 soror
228 948 253 989 et
266 942 388 998 coniunx,
404 955 456 988 una
470 957 528 989 cum
541 948 617 1003 gente
631 948 670 988 tot
682 957 763 989 annos

103 1028 174 1077 bella
186 1044 257 1090 gero.
290 1036 315 1077 et
328 1029 465 1090 quisquam
479 1043 574 1076 numen
586 1029 694 1077 Iunonis
708 1032 799 1078 adorat

103 1125 236 1181 praeterea
250 1124 294 1164 aut
306 1118 416 1179 supplex
430 1117 480 1164 aris
493 1117 601 1179 inponet
613 1118 738 1167 honorem
745 1111 764 1165 ’.θ’

57 1210 86 1254 50
139 1207 216 1254 Talia
228 1207 359 1254 flammato
372 1221 459 1253 secum
473 1206 521 1253 dea
534 1207 611 1254 corde
623 1209 741 1255 volutans

104 1295 252 1342 nimborum
264 1295 291 1341 in
304 1295 423 1356 patriam,
439 1295 497 1342 loca
510 1294 561 1341 feta
574 1295 717 1343 furentibus
731 1297 831 1354 austris,

104 1383 226 1432 Aeoliam
239 1383 316 1430 venit.
344 1382 386 1429 hic
398 1389 470 1429 vasto
484 1397 528 1430 rex
541 1383 640 1430 Aeolus
654 1391 727 1431 antro

105 1474 232 1521 luctantes
246 1479 334 1518 veut-os
348 1477 563 1532 tempestatesque
577 1486 684 1518 sonoras

104 1562 214 1624 imperio
228 1559 321 1622 premit
334 1574 364 1606 ac
376 1559 467 1606 vinclis
481 1566 506 1606 et
519 1574 620 1607 carcerc
634 1559 724 1607 frenat.

56 1654 84 1698 5⁵
104 1651 143 1699 illi
157 1649 322 1710 indignantes
336 1662 430 1707 magno
444 1663 502 1695 cum
515 1663 645 1696 murmure
657 1648 752 1695 montis

105 1739 202 1787 circum
216 1738 327 1785 claustra
340 1736 467 1794 fremunt3
483 1737 551 1784 celsa
564 1737 636 1784 sedet
646 1736 745 1784 Aeolus
759 1751 816 1784 erce

104 1833 207 1889 sceptra
219 1833 308 1873 tenens
323 1826 457 1886 mollitque
471 1825 569 1872 animos
588 1833 613 1872 et
630 1831 755 1887 temperat
772 1825 832 1872 iras.

105 1915 132 1961 ni
145 1914 231 1971 faciut,
248 1914 330 1960 maria
343 1929 373 1961 ac
386 1920 466 1961 terras
480 1914 631 1975 caelumque
644 1913 801 1975 profundum
853 1954 856 1960 .

105 2003 202 2065 quippe
215 2002 299 2049 ferant
311 2002 395 2064 rapidi
408 2017 496 2049 secum
508 2009 662 2063 verrantque
679 2017 725 2064 per
742 2017 833 2049 auras:

56 2095 84 2139 60
104 2091 149 2139 sed
163 2097 236 2152 pater
249 2090 412 2151 omnipotens
426 2090 555 2152 speluncis
569 2091 669 2138 abdidit
682 2091 751 2147 atris,
806 2094 808 2099 '

104 2179 155 2226 hoe
169 2186 294 2236 metucns,
310 2179 457 2239 molemque
471 2185 495 2226 ct
508 2187 607 2226 montes
621 2179 726 2240 insuper
739 2178 806 2225 altos

103 2268 220 2330 inposuit
233 2281 371 2328 regemque
385 2267 455 2313 dedit
468 2268 512 2328 qui
526 2267 629 2315 foedere
643 2275 711 2315 certo

104 2363 130 2404 et
142 2364 257 2417 premere
271 2363 296 2402 et
308 2356 380 2402 laxas
394 2355 470 2402 sciret
483 2356 544 2402 dare
558 2355 641 2402 iussus
655 2355 778 2403 habenas.

103 2444 136 2506 ad
151 2458 229 2505 quern
242 2451 295 2489 tum
308 2443 373 2490 Iuno
386 2444 496 2505 supplex
509 2443 549 2490 his
562 2443 667 2491 vocibus
681 2449 760 2490 usust.

56 2538 83 2580 35
137 2522 246 2588 ‘Acole,
271 2545 382 2593 namque
400 2531 446 2579 tibi
465 2532 554 2581 divom
571 2539 648 2597 pater
666 2529 855 2593 stupebam&-

402 2638 469 2674 num
476 2641 525 2677 ΥΕΧ

669 2699 711 2757 γε
