1808 2956
308 168 456 208 AENElDOS
474 168 562 206 LIBER
578 169 620 206 XI.

135 326 245 386 insignis
258 326 336 385 longe
348 324 468 386 Phrygiis
481 323 597 385 fulgebat
610 324 637 370 in
650 325 728 371 armis

58 421 73 467 7
81 420 115 465 70
136 420 350 475 spumantemque
363 413 479 473 agitabat
492 427 574 471 ecum,
590 427 666 475 quem
680 412 755 474 pellis
770 426 785 459 a

135 501 162 548 in
176 501 290 563 plumam
304 501 418 563 squamis
433 516 495 548 auro
510 508 629 551 conserta
645 500 756 562 tegebat.

135 590 198 652 ipse,
214 590 351 651 peregrina
364 589 493 650 ferrugine
507 590 590 637 clarus
605 596 630 637 et
642 597 720 646 ostro,

136 677 236 740 spicula
249 677 385 739 torquebat
397 678 478 739 Lycio
493 676 619 740 Gortynia
632 691 728 736 eornu3

137 780 229 813 aureus
243 781 275 813 ex
288 766 382 814 umeris
396 774 472 812 sonat
485 781 558 814 arcus
573 773 597 814 et
611 780 689 813 aurea
701 765 752 812 vati

61 859 116 906 775
137 854 254 912 cassida3
281 862 335 901 tum
361 869 478 902 croceam
504 854 718 916 chlamydemque
742 852 813 900 sinus

438 943 566 1004 crepantis

137 1029 271 1078 carbaseos
286 1030 355 1078 fulvo
369 1030 395 1077 in
409 1031 507 1078 nodum
520 1031 662 1092 collegerat
675 1044 747 1087 auro,

137 1119 220 1181 pictus
234 1135 281 1167 acu
295 1119 395 1167 tunicas
409 1126 434 1167 et
447 1118 558 1167 barbara
570 1119 685 1180 tegmina
698 1131 809 1166 crurum.

136 1207 205 1255 huno
217 1207 299 1268 virgo,
314 1208 366 1256 sive
379 1215 407 1254 ut
420 1207 520 1270 templis
534 1208 686 1270 praefigeret
699 1220 771 1254 arma

136 1295 224 1353 Troia,
241 1297 342 1358 captivo
356 1296 407 1343 sive
420 1303 449 1342 ut
461 1310 488 1344 ae
501 1296 578 1344 ferret
590 1296 617 1343 in
631 1310 703 1353 auro,

64 1388 117 1434 780
136 1385 253 1432 venatrix
267 1400 345 1431 unum
359 1399 391 1432 ex
405 1384 475 1432 omni
489 1385 628 1432 eertam²ne
641 1397 744 1446 pugnae

138 1487 215 1520 caeca
228 1472 384 1534 sequebatur
396 1481 530 1534 totumque
544 1473 649 1520 incauta
661 1487 707 1534 per
719 1485 812 1532 agmen

137 1559 249 1606 femineo
263 1560 374 1621 praedae
388 1568 412 1607 et
424 1560 566 1622 spoliorum
580 1560 686 1607 ardebat
699 1573 796 1616 amore,

139 1647 217 1695 telum
232 1662 264 1694 ex
276 1647 376 1694 insidiis
390 1662 448 1694 oum
461 1648 565 1695 tandem
579 1655 693 1709 tempore
707 1654 782 1708 oapto

138 1736 251 1784 eoncitat
265 1742 289 1782 et
302 1749 409 1796 superos
421 1736 522 1782 Arruns
536 1736 573 1783 sic
586 1749 647 1783 voce
660 1740 788 1796 precatur.

77 1830 118 1874 ’85
135 1815 245 1872 ‘summe
259 1824 344 1880 deum,
360 1823 442 1870 saneti
456 1830 541 1870 custos
555 1822 669 1871 Soractis
683 1822 790 1884 Apollo,

139 1928 214 1976 quem
227 1913 303 1974 primi
317 1911 435 1970 colimus,
452 1911 492 1959 cui
507 1912 597 1974 pineus
611 1912 688 1959 ardor
701 1924 792 1959 acervo

137 2001 251 2064 pascitur
265 2008 289 2049 et
301 2001 415 2049 medium
428 2000 486 2048 freti
500 2000 595 2063 pietate
608 1999 753 2062 perignem

138 2091 251 2138 cultores
264 2091 346 2139 multa
358 2089 497 2152 premimus
511 2088 618 2150 vestigia
631 2103 723 2150 pruna,
776 2110 778 2115 v

139 2177 181 2235 da,
195 2185 278 2239 pater,
293 2179 343 2227 hoe
356 2179 450 2226 nostris
465 2176 563 2226 aboleri
577 2177 688 2225 dedecus
701 2176 788 2234 armis,

106 2269 120 2312 0
140 2265 313 2326 omnipotens.
340 2281 393 2314 non
407 2267 511 2315 exuvias
524 2265 645 2328 pulsaeve
658 2272 793 2327 tropaeum

139 2352 246 2414 virginis
260 2359 305 2400 aut
317 2355 401 2416 spolia
413 2355 469 2403 ulla
481 2361 556 2417 peto:
577 2353 641 2401 milri
654 2360 740 2402 cetera
752 2352 856 2400 laudem

139 2440 207 2489 faeta
220 2442 318 2500 ferent3
339 2442 402 2490 haee
415 2443 472 2491 dira
484 2457 543 2492 meo
557 2442 618 2490 dum
630 2441 735 2490 volnere
748 2441 827 2504 pestis

139 2531 214 2594 pulsa
227 2530 312 2589 cadat,
328 2531 423 2592 patrias
436 2531 557 2582 remeabo
570 2531 698 2593 inglorius
710 2521 806 2576 urbes?
866 2527 867 2532 ’

136 2620 220 2667 audiit
231 2627 257 2669 et
270 2620 320 2668 voti
333 2619 458 2673 Phoebus
472 2621 620 2673 srieeedere
630 2624 746 2683 partem
