1808 2956
278 195 426 235 nannrnos
444 196 531 236 urana
547 196 578 236 x.
764 188 824 259 qiu

100 351 185 400 caedit
197 352 355 400 semianimis
368 352 523 401 Rutulorum
536 354 650 404 calcibus
664 370 732 404 arva.

48 445 79 488 05
101 455 132 488 ac
144 441 214 488 velut
226 447 315 503 optato
328 442 410 490 ventis
424 449 520 491 aestate
534 444 628 491 coortis

101 529 217 591 dispersa
229 529 335 578 inmittit
347 530 417 578 silvis
430 531 551 580 incendia
564 540 669 594 pastor3

101 618 225 680 correptis
238 617 323 666 subito
337 619 428 666 mediis
441 620 588 668 extenditur
600 635 652 668 una

102 707 207 754 horrida
220 721 265 769 per
278 707 344 754 latos
357 708 425 756 acies
438 708 567 757 Volcania
582 723 686 771 campos
697 724 703 768 3

101 795 146 844 ille
159 796 250 844 sedens
264 796 345 844 victor
356 796 473 844 flammas
487 797 618 860 despectat
631 807 749 845 ovantes:

54 888 82 931 10
102 898 154 930 non
168 885 242 932 aliter
255 885 354 934 socium
367 885 446 933 virtus
460 885 512 934 coit
525 886 608 934 omnis
622 885 648 932 in
662 900 743 933 unum

101 980 178 1035 teque
191 973 269 1032 iuvat,
284 973 368 1021 Palla.
396 974 440 1022 sed
455 973 529 1023 bellis
544 990 602 1023 acer
615 973 742 1023 Halaesus

104 1061 185 1108 tendit
197 1061 224 1108 in
238 1062 357 1111 adversos
371 1076 450 1124 seque
462 1063 489 1109 iu
502 1076 550 1110 sua
563 1062 664 1124 colligit
676 1077 757 1110 arma.

103 1148 145 1196 hie
157 1156 253 1198 mactat
265 1149 375 1198 Ladona
387 1150 549 1213 Pheretaque
560 1151 803 1214 Demodocumque,

104 1235 250 1298 Strymonio
264 1239 381 1288 dextram
394 1239 502 1302 fulgenti
517 1240 611 1302 deripit
623 1255 683 1289 ense

53 1330 82 1372 15
103 1326 198 1374 elatam
210 1326 237 1373 in
250 1327 376 1389 iugulum,
393 1344 456 1377 saxo
469 1329 527 1377 ferit
539 1343 586 1377 ora
599 1328 725 1378 Thoantis

105 1429 214 1477 ossaque
228 1416 348 1478 dispersit
361 1417 464 1466 cerebro
478 1416 606 1480 permixta
619 1424 733 1466 cruento.

102 1504 155 1552 sata
169 1519 260 1552 caveus
274 1505 344 1551 silvis
357 1506 459 1565 genitor
472 1505 569 1553 celarat
582 1504 735 1554 Halaesum:

102 1599 131 1637 nt
143 1592 230 1639 senior
242 1592 293 1638 loto
308 1592 427 1639 canentia
440 1592 539 1639 lumina
552 1592 636 1650 solvit,

103 1678 214 1727 iniecere
226 1693 332 1726 manum
345 1693 439 1740 parcae
451 1679 561 1740 telisque
574 1687 708 1726 sacrarunt

51 1773 84 1815 20
103 1766 226 1813 Euandri.
255 1781 331 1828 quem
344 1766 381 1814 sic
393 1767 481 1814 Pallas
495 1766 558 1828 petit
572 1772 630 1814 ante
643 1775 771 1829 precatus,

100 1845 145 1901 ‘dn
158 1868 235 1912 nunc,
251 1854 348 1916 Thybri
362 1860 442 1916 pater,
459 1854 526 1903 ferro
540 1854 609 1916 quod
623 1854 720 1903 missile
733 1855 800 1903 libro

102 1943 232 1991 fortunam
247 1949 323 2005 atque
337 1943 403 1990 viam
417 1943 473 1990 duri
486 1957 532 2006 per
545 1949 634 2005 pectus
647 1943 763 1992 Halaesi.

104 2032 167 2081 haec
180 2046 252 2080 arma
265 2031 421 2094 exuviasque
433 2031 480 2079 viri
493 2038 538 2080 tua
550 2045 660 2094 quercus
673 2025 797 2082 habebit.³

103 2121 184 2169 audiit
197 2120 243 2168 illa
257 2120 334 2169 deus:
357 2120 418 2168 dum
431 2121 495 2169 texit
506 2119 616 2168 Imaona
629 2120 764 2182 Halaesus,

50 2214 82 2256 ‘25
103 2210 216 2257 Arcadio
230 2209 322 2258 infelix
334 2211 385 2258 telo
400 2209 445 2256 dat
456 2214 545 2270 pectus
558 2208 694 2256 inermum.

104 2304 130 2344 at
142 2312 195 2344 non
209 2299 287 2347 caede
299 2297 346 2345 tiri
359 2303 432 2344 tantu
443 2296 578 2359 perterrita
590 2296 700 2357 Lausus,

103 2400 161 2446 pars
180 2386 271 2447 ingens
284 2387 356 2445 belli,
376 2385 438 2434 sinit
450 2385 569 2448 agmina:
590 2386 688 2447 primus
702 2386 831 2435 Abantem

103 2473 250 2535 oppositum
257 2474 389 2533 interimit,
400 2488 503 2537 pugnae
510 2473 660 2536 nodumque
667 2489 827 2538 moramque.

102 2562 222 2610 sternitur
234 2563 364 2612 Arcadiae
376 2565 472 2626 proles,
487 2569 636 2612 sternuntur
647 2562 767 2617 Etrusci,

48 2656 82 2698 30
100 2659 126 2699 et
139 2666 189 2710 voa,
207 2666 222 2700 o
236 2649 311 2703 Graia
322 2653 460 2719 inperdita
472 2667 594 2718 corpora
603 2647 739 2711 ,naucit-
