<?xml version="1.0" encoding="UTF-8"?>
<!DOCTYPE html PUBLIC "-//W3C//DTD XHTML 1.0 Transitional//EN"
    "http://www.w3.org/TR/xhtml1/DTD/xhtml1-transitional.dtd">
<html xmlns="http://www.w3.org/1999/xhtml" xml:lang="en" lang="en">
 <head>
  <title>
</title>
<meta http-equiv="Content-Type" content="text/html;charset=utf-8" />
  <meta name='ocr-system' content='tesseract 3.04.00' />
  <meta name='ocr-capabilities' content='ocr_page ocr_carea ocr_par ocr_line ocrx_word'/>
</head>
<body>
  <div class='ocr_page' id='page_1' title='image "./pvergiliusmaro00virggoog/pvergiliusmaro00virggoog_0127.png"; bbox 0 0 1808 2956; ppageno 0'>
   <div class='ocr_carea' id='block_1_1' title="bbox 69 178 616 223">
    <p class='ocr_par' dir='ltr' id='par_1_1' title="bbox 69 178 616 223">
     <span class='ocr_line' id='line_1_1' title="bbox 69 178 616 223; baseline -0.007 -1"><span class='ocrx_word' id='word_1_1' title='bbox 69 178 125 223; x_wconf 76' lang='lat'>120</span> <span class='ocrx_word' id='word_1_2' title='bbox 303 184 328 222; x_wconf 81' lang='lat' dir='ltr'>P.</span> <span class='ocrx_word' id='word_1_3' title='bbox 347 181 468 221; x_wconf 73' lang='lat' dir='ltr'>vnndlhl</span> <span class='ocrx_word' id='word_1_4' title='bbox 487 180 616 220; x_wconf 70' lang='lat' dir='ltr'>Manuale</span> 
     </span>
    </p>
   </div>
   <div class='ocr_carea' id='block_1_2' title="bbox 66 328 863 2615">
    <p class='ocr_par' dir='ltr' id='par_1_2' title="bbox 66 328 863 2615">
     <span class='ocr_line' id='line_1_2' title="bbox 134 328 779 397; baseline -0.009 -7"><span class='ocrx_word' id='word_1_5' title='bbox 134 349 184 390; x_wconf 89' lang='lat' dir='ltr'>stat</span> <span class='ocrx_word' id='word_1_6' title='bbox 196 340 343 397; x_wconf 84' lang='lat' dir='ltr'>lacrimans,</span> <span class='ocrx_word' id='word_1_7' title='bbox 360 347 385 388; x_wconf 87' lang='lat' dir='ltr'>et</span> <span class='ocrx_word' id='word_1_8' title='bbox 397 345 421 387; x_wconf 90' lang='lat' dir='ltr'>te</span> <span class='ocrx_word' id='word_1_9' title='bbox 435 340 565 388; x_wconf 82' lang='lat' dir='ltr'>crudelem</span> <span class='ocrx_word' id='word_1_10' title='bbox 579 339 684 387; x_wconf 89' lang='lat' dir='ltr'>nomine</span> <span class='ocrx_word' id='word_1_11' title='bbox 698 328 779 385; x_wconf 87' lang='lat' dir='ltr'>dicit.&#39;</span> 
     </span>
     <span class='ocr_line' id='line_1_3' title="bbox 135 428 777 493; baseline -0.006 -15"><span class='ocrx_word' id='word_1_12' title='bbox 135 430 194 478; x_wconf 91' lang='lat' dir='ltr'>huic</span> <span class='ocrx_word' id='word_1_13' title='bbox 208 444 329 493; x_wconf 87' lang='lat' dir='ltr'>pereussa</span> <span class='ocrx_word' id='word_1_14' title='bbox 341 443 408 476; x_wconf 87' lang='lat' dir='ltr'>nova</span> <span class='ocrx_word' id='word_1_15' title='bbox 420 436 530 478; x_wconf 82' lang='lat' dir='ltr'>mentem</span> <span class='ocrx_word' id='word_1_16' title='bbox 545 428 682 476; x_wconf 81' lang='lat' dir='ltr'>formidine</span> <span class='ocrx_word' id='word_1_17' title='bbox 695 434 777 475; x_wconf 88' lang='lat' dir='ltr'>mater</span> 
     </span>
     <span class='ocr_line' id='line_1_4' title="bbox 131 508 780 579; baseline -0.008 -12"><span class='ocrx_word' id='word_1_18' title='bbox 131 508 201 576; x_wconf 84' lang='lat' dir='ltr'>‘duc‚</span> <span class='ocrx_word' id='word_1_19' title='bbox 218 533 274 579; x_wconf 93' lang='lat' dir='ltr'>age,</span> <span class='ocrx_word' id='word_1_20' title='bbox 291 518 340 564; x_wconf 91' lang='lat' dir='ltr'>due</span> <span class='ocrx_word' id='word_1_21' title='bbox 354 516 385 564; x_wconf 86' lang='lat' dir='ltr'>ad</span> <span class='ocrx_word' id='word_1_22' title='bbox 400 531 463 575; x_wconf 79' lang='lat' dir='ltr'>n0s3</span> <span class='ocrx_word' id='word_1_23' title='bbox 484 516 522 565; x_wconf 89' lang='lat' dir='ltr'>sas</span> <span class='ocrx_word' id='word_1_24' title='bbox 536 517 574 564; x_wconf 91' lang='lat' dir='ltr'>illi</span> <span class='ocrx_word' id='word_1_25' title='bbox 588 516 680 564; x_wconf 87' lang='lat' dir='ltr'>limina</span> <span class='ocrx_word' id='word_1_26' title='bbox 693 516 780 563; x_wconf 86' lang='lat' dir='ltr'>divom</span> 
     </span>
     <span class='ocr_line' id='line_1_5' title="bbox 136 598 765 669; baseline -0.003 -15"><span class='ocrx_word' id='word_1_27' title='bbox 136 598 248 669; x_wconf 82' lang='lat' dir='ltr'>tangere’</span> <span class='ocrx_word' id='word_1_28' title='bbox 263 607 310 653; x_wconf 87' lang='lat' dir='ltr'>ait:</span> <span class='ocrx_word' id='word_1_29' title='bbox 332 605 408 652; x_wconf 89' lang='lat' dir='ltr'>simul</span> <span class='ocrx_word' id='word_1_30' title='bbox 422 606 475 652; x_wconf 87' lang='lat' dir='ltr'>alta</span> <span class='ocrx_word' id='word_1_31' title='bbox 487 605 558 653; x_wconf 88' lang='lat' dir='ltr'>iubet</span> <span class='ocrx_word' id='word_1_32' title='bbox 570 604 700 653; x_wconf 84' lang='lat' dir='ltr'>discedere</span> <span class='ocrx_word' id='word_1_33' title='bbox 713 605 765 652; x_wconf 86' lang='lat' dir='ltr'>late</span> 
     </span>
     <span class='ocr_line' id='line_1_6' title="bbox 66 692 811 756; baseline -0.007 -13"><span class='ocrx_word' id='word_1_34' title='bbox 66 701 116 743; x_wconf 85' lang='grc'>360</span> <span class='ocrx_word' id='word_1_35' title='bbox 136 696 250 753; x_wconf 90' lang='lat' dir='ltr'>flumina,</span> <span class='ocrx_word' id='word_1_36' title='bbox 267 710 318 756; x_wconf 90' lang='lat' dir='ltr'>qua</span> <span class='ocrx_word' id='word_1_37' title='bbox 330 694 428 742; x_wconf 85' lang='lat' dir='ltr'>iuvenis</span> <span class='ocrx_word' id='word_1_38' title='bbox 442 708 543 754; x_wconf 85' lang='lat' dir='ltr'>gressus</span> <span class='ocrx_word' id='word_1_39' title='bbox 556 693 669 740; x_wconf 85' lang='lat' dir='ltr'>inferret.</span> <span class='ocrx_word' id='word_1_40' title='bbox 697 699 724 740; x_wconf 90' lang='lat' dir='ltr'>at</span> <span class='ocrx_word' id='word_1_41' title='bbox 736 692 811 739; x_wconf 86' lang='lat' dir='ltr'>illurn</span> 
     </span>
     <span class='ocr_line' id='line_1_7' title="bbox 137 781 755 831; baseline -0.003 0"><span class='ocrx_word' id='word_1_42' title='bbox 137 791 240 831; x_wconf 86' lang='lat' dir='ltr'>curvata</span> <span class='ocrx_word' id='word_1_43' title='bbox 253 784 279 829; x_wconf 89' lang='lat' dir='ltr'>ln</span> <span class='ocrx_word' id='word_1_44' title='bbox 293 783 387 830; x_wconf 91' lang='lat' dir='ltr'>montis</span> <span class='ocrx_word' id='word_1_45' title='bbox 401 782 492 830; x_wconf 86' lang='lat' dir='ltr'>faciem</span> <span class='ocrx_word' id='word_1_46' title='bbox 506 782 671 830; x_wconf 81' lang='lat' dir='ltr'>circumstetit</span> <span class='ocrx_word' id='word_1_47' title='bbox 684 781 755 829; x_wconf 88' lang='lat' dir='ltr'>unda</span> 
     </span>
     <span class='ocr_line' id='line_1_8' title="bbox 137 870 760 934; baseline -0.006 -15"><span class='ocrx_word' id='word_1_48' title='bbox 137 872 285 934; x_wconf 81' lang='lat' dir='ltr'>accepitque</span> <span class='ocrx_word' id='word_1_49' title='bbox 299 872 356 918; x_wconf 89' lang='lat' dir='ltr'>sinu</span> <span class='ocrx_word' id='word_1_50' title='bbox 369 878 440 918; x_wconf 84' lang='lat' dir='ltr'>vasto</span> <span class='ocrx_word' id='word_1_51' title='bbox 454 870 574 932; x_wconf 76' lang='lat' dir='ltr'>misitque</span> <span class='ocrx_word' id='word_1_52' title='bbox 587 870 633 917; x_wconf 89' lang='lat' dir='ltr'>sub</span> <span class='ocrx_word' id='word_1_53' title='bbox 648 884 760 917; x_wconf 87' lang='lat' dir='ltr'>amnem.</span> 
     </span>
     <span class='ocr_line' id='line_1_9' title="bbox 136 957 863 1022; baseline -0.006 -15"><span class='ocrx_word' id='word_1_54' title='bbox 136 960 240 1022; x_wconf 87' lang='lat' dir='ltr'>iamque</span> <span class='ocrx_word' id='word_1_55' title='bbox 253 960 358 1007; x_wconf 90' lang='lat' dir='ltr'>domum</span> <span class='ocrx_word' id='word_1_56' title='bbox 371 959 467 1006; x_wconf 87' lang='lat' dir='ltr'>mirans</span> <span class='ocrx_word' id='word_1_57' title='bbox 480 957 616 1020; x_wconf 81' lang='lat' dir='ltr'>genetricis</span> <span class='ocrx_word' id='word_1_58' title='bbox 635 966 661 1005; x_wconf 89' lang='lat' dir='ltr'>et</span> <span class='ocrx_word' id='word_1_59' title='bbox 678 958 767 1006; x_wconf 87' lang='lat' dir='ltr'>umida</span> <span class='ocrx_word' id='word_1_60' title='bbox 784 972 863 1018; x_wconf 86' lang='lat' dir='ltr'>regna</span> 
     </span>
     <span class='ocr_line' id='line_1_10' title="bbox 136 1047 785 1111; baseline -0.002 -17"><span class='ocrx_word' id='word_1_61' title='bbox 136 1048 317 1111; x_wconf 82' lang='lat' dir='ltr'>speluncisque</span> <span class='ocrx_word' id='word_1_62' title='bbox 331 1049 402 1095; x_wconf 87' lang='lat' dir='ltr'>lacus</span> <span class='ocrx_word' id='word_1_63' title='bbox 417 1048 518 1094; x_wconf 90' lang='lat' dir='ltr'>clausos</span> <span class='ocrx_word' id='word_1_64' title='bbox 531 1047 655 1109; x_wconf 87' lang='lat' dir='ltr'>lucosque</span> <span class='ocrx_word' id='word_1_65' title='bbox 668 1047 785 1094; x_wconf 85' lang='lat' dir='ltr'>sonantis</span> 
     </span>
     <span class='ocr_line' id='line_1_11' title="bbox 67 1134 734 1196; baseline 0 -14"><span class='ocrx_word' id='word_1_66' title='bbox 67 1140 117 1182; x_wconf 84' lang='lat'>365</span> <span class='ocrx_word' id='word_1_67' title='bbox 138 1135 191 1183; x_wconf 90' lang='lat' dir='ltr'>ibat</span> <span class='ocrx_word' id='word_1_68' title='bbox 204 1143 229 1183; x_wconf 91' lang='lat' dir='ltr'>et</span> <span class='ocrx_word' id='word_1_69' title='bbox 241 1135 338 1196; x_wconf 88' lang='lat' dir='ltr'>ingenti</span> <span class='ocrx_word' id='word_1_70' title='bbox 352 1141 423 1181; x_wconf 87' lang='lat' dir='ltr'>motu</span> <span class='ocrx_word' id='word_1_71' title='bbox 437 1134 593 1196; x_wconf 86' lang='lat' dir='ltr'>stupefactus</span> <span class='ocrx_word' id='word_1_72' title='bbox 608 1150 734 1196; x_wconf 85' lang='lat' dir='ltr'>aquarum</span> 
     </span>
     <span class='ocr_line' id='line_1_12' title="bbox 138 1222 718 1284; baseline 0.003 -14"><span class='ocrx_word' id='word_1_73' title='bbox 138 1224 225 1272; x_wconf 88' lang='lat' dir='ltr'>omnia</span> <span class='ocrx_word' id='word_1_74' title='bbox 237 1223 283 1270; x_wconf 88' lang='lat' dir='ltr'>sub</span> <span class='ocrx_word' id='word_1_75' title='bbox 298 1237 393 1284; x_wconf 85' lang='lat' dir='ltr'>magna</span> <span class='ocrx_word' id='word_1_76' title='bbox 406 1222 519 1272; x_wconf 88' lang='lat' dir='ltr'>labentia</span> <span class='ocrx_word' id='word_1_77' title='bbox 531 1223 638 1271; x_wconf 88' lang='lat' dir='ltr'>flumina</span> <span class='ocrx_word' id='word_1_78' title='bbox 650 1230 718 1272; x_wconf 83' lang='lat' dir='ltr'>terra</span> 
     </span>
     <span class='ocr_line' id='line_1_13' title="bbox 137 1311 802 1375; baseline 0.003 -17"><span class='ocrx_word' id='word_1_79' title='bbox 137 1312 269 1374; x_wconf 81' lang='lat' dir='ltr'>spectabat</span> <span class='ocrx_word' id='word_1_80' title='bbox 282 1312 381 1359; x_wconf 76' lang='lat' dir='ltr'>diversa</span> <span class='ocrx_word' id='word_1_81' title='bbox 393 1312 466 1368; x_wconf 86' lang='lat' dir='ltr'>locis,</span> <span class='ocrx_word' id='word_1_82' title='bbox 482 1311 638 1374; x_wconf 83' lang='lat' dir='ltr'>Phasimque</span> <span class='ocrx_word' id='word_1_83' title='bbox 652 1312 802 1375; x_wconf 84' lang='lat' dir='ltr'>Lycumque</span> 
     </span>
     <span class='ocr_line' id='line_1_14' title="bbox 138 1399 835 1463; baseline 0.003 -16"><span class='ocrx_word' id='word_1_84' title='bbox 138 1407 163 1447; x_wconf 91' lang='lat' dir='ltr'>et</span> <span class='ocrx_word' id='word_1_85' title='bbox 175 1407 252 1462; x_wconf 90' lang='lat' dir='ltr'>eaput</span> <span class='ocrx_word' id='word_1_86' title='bbox 265 1400 333 1447; x_wconf 90' lang='lat' dir='ltr'>unde</span> <span class='ocrx_word' id='word_1_87' title='bbox 346 1399 413 1447; x_wconf 86' lang='lat' dir='ltr'>altus</span> <span class='ocrx_word' id='word_1_88' title='bbox 426 1399 537 1460; x_wconf 85' lang='lat' dir='ltr'>primurn</span> <span class='ocrx_word' id='word_1_89' title='bbox 550 1415 576 1448; x_wconf 90' lang='lat' dir='ltr'>se</span> <span class='ocrx_word' id='word_1_90' title='bbox 590 1401 700 1463; x_wconf 86' lang='lat' dir='ltr'>erumpit</span> <span class='ocrx_word' id='word_1_91' title='bbox 712 1401 835 1463; x_wconf 78' lang='lat' dir='ltr'>Enipeus,</span> 
     </span>
     <span class='ocr_line' id='line_1_15' title="bbox 138 1481 785 1550; baseline 0.005 -16"><span class='ocrx_word' id='word_1_92' title='bbox 138 1488 206 1535; x_wconf 90' lang='lat' dir='ltr'>unde</span> <span class='ocrx_word' id='word_1_93' title='bbox 217 1481 292 1550; x_wconf 71' lang='lat' dir='ltr'>pater</span> <span class='ocrx_word' id='word_1_94' title='bbox 304 1487 440 1535; x_wconf 88' lang='lat' dir='ltr'>Tiberinus</span> <span class='ocrx_word' id='word_1_95' title='bbox 455 1495 479 1535; x_wconf 89' lang='lat' dir='ltr'>et</span> <span class='ocrx_word' id='word_1_96' title='bbox 492 1490 560 1536; x_wconf 89' lang='lat' dir='ltr'>unde</span> <span class='ocrx_word' id='word_1_97' title='bbox 573 1489 677 1537; x_wconf 88' lang='lat' dir='ltr'>Aniena</span> <span class='ocrx_word' id='word_1_98' title='bbox 688 1491 785 1537; x_wconf 89' lang='lat' dir='ltr'>fluenta</span> 
     </span>
     <span class='ocr_line' id='line_1_16' title="bbox 68 1575 794 1639; baseline 0.001 -15"><span class='ocrx_word' id='word_1_99' title='bbox 68 1581 118 1626; x_wconf 84' lang='grc'>370</span> <span class='ocrx_word' id='word_1_100' title='bbox 138 1591 296 1639; x_wconf 87' lang='lat' dir='ltr'>saxosusque</span> <span class='ocrx_word' id='word_1_101' title='bbox 310 1590 405 1623; x_wconf 88' lang='lat' dir='ltr'>sonans</span> <span class='ocrx_word' id='word_1_102' title='bbox 419 1575 533 1638; x_wconf 82' lang='lat' dir='ltr'>Hypanis</span> <span class='ocrx_word' id='word_1_103' title='bbox 547 1577 686 1639; x_wconf 76' lang='lat' dir='ltr'>Mysusque</span> <span class='ocrx_word' id='word_1_104' title='bbox 700 1577 794 1626; x_wconf 82' lang='lat' dir='ltr'>Caicus</span> 
     </span>
     <span class='ocr_line' id='line_1_17' title="bbox 139 1665 705 1726; baseline 0.002 -14"><span class='ocrx_word' id='word_1_105' title='bbox 139 1672 164 1712; x_wconf 89' lang='lat' dir='ltr'>et</span> <span class='ocrx_word' id='word_1_106' title='bbox 175 1665 279 1726; x_wconf 86' lang='lat' dir='ltr'>gemina</span> <span class='ocrx_word' id='word_1_107' title='bbox 291 1671 394 1712; x_wconf 83' lang='lat' dir='ltr'>auratus</span> <span class='ocrx_word' id='word_1_108' title='bbox 409 1666 510 1712; x_wconf 85' lang='lat' dir='ltr'>taurino</span> <span class='ocrx_word' id='word_1_109' title='bbox 524 1681 622 1714; x_wconf 88' lang='lat' dir='ltr'>cornua</span> <span class='ocrx_word' id='word_1_110' title='bbox 634 1667 705 1714; x_wconf 90' lang='lat' dir='ltr'>voltu</span> 
     </span>
     <span class='ocr_line' id='line_1_18' title="bbox 138 1753 753 1817; baseline 0.003 -17"><span class='ocrx_word' id='word_1_111' title='bbox 138 1753 275 1811; x_wconf 82' lang='lat' dir='ltr'>Eridanus,</span> <span class='ocrx_word' id='word_1_112' title='bbox 291 1769 342 1815; x_wconf 92' lang='lat' dir='ltr'>quo</span> <span class='ocrx_word' id='word_1_113' title='bbox 357 1768 408 1800; x_wconf 90' lang='lat' dir='ltr'>non</span> <span class='ocrx_word' id='word_1_114' title='bbox 422 1755 489 1800; x_wconf 88' lang='lat' dir='ltr'>alius</span> <span class='ocrx_word' id='word_1_115' title='bbox 503 1769 548 1816; x_wconf 85' lang='lat' dir='ltr'>per</span> <span class='ocrx_word' id='word_1_116' title='bbox 562 1755 669 1817; x_wconf 80' lang='lat' dir='ltr'>pinguia</span> <span class='ocrx_word' id='word_1_117' title='bbox 679 1756 753 1803; x_wconf 83' lang='lat' dir='ltr'>culta</span> 
     </span>
     <span class='ocr_line' id='line_1_19' title="bbox 139 1841 766 1903; baseline 0.005 -16"><span class='ocrx_word' id='word_1_118' title='bbox 139 1841 164 1888; x_wconf 95' lang='lat' dir='ltr'>in</span> <span class='ocrx_word' id='word_1_119' title='bbox 178 1857 248 1888; x_wconf 89' lang='lat' dir='ltr'>mare</span> <span class='ocrx_word' id='word_1_120' title='bbox 261 1857 417 1903; x_wconf 87' lang='lat' dir='ltr'>purpureum</span> <span class='ocrx_word' id='word_1_121' title='bbox 430 1843 567 1891; x_wconf 86' lang='lat' dir='ltr'>violentior</span> <span class='ocrx_word' id='word_1_122' title='bbox 580 1843 661 1891; x_wconf 80' lang='lat' dir='ltr'>effluit</span> <span class='ocrx_word' id='word_1_123' title='bbox 674 1845 766 1892; x_wconf 86' lang='lat' dir='ltr'>amnis.</span> 
     </span>
     <span class='ocr_line' id='line_1_20' title="bbox 138 1931 831 1994; baseline 0.004 -16"><span class='ocrx_word' id='word_1_124' title='bbox 138 1938 275 1993; x_wconf 83' lang='lat' dir='ltr'>postquam</span> <span class='ocrx_word' id='word_1_125' title='bbox 288 1939 326 1979; x_wconf 89' lang='lat' dir='ltr'>est</span> <span class='ocrx_word' id='word_1_126' title='bbox 338 1932 364 1978; x_wconf 95' lang='lat' dir='ltr'>in</span> <span class='ocrx_word' id='word_1_127' title='bbox 378 1931 483 1979; x_wconf 83' lang='lat' dir='ltr'>thalami</span> <span class='ocrx_word' id='word_1_128' title='bbox 499 1933 635 1994; x_wconf 84' lang='lat' dir='ltr'>pendentia</span> <span class='ocrx_word' id='word_1_129' title='bbox 650 1933 752 1994; x_wconf 75' lang='lat' dir='ltr'>puntiau</span> <span class='ocrx_word' id='word_1_130' title='bbox 766 1941 831 1981; x_wconf 79' lang='lat' dir='ltr'>tecta</span> 
     </span>
     <span class='ocr_line' id='line_1_21' title="bbox 68 2021 708 2082; baseline 0.002 -15"><span class='ocrx_word' id='word_1_131' title='bbox 68 2023 119 2068; x_wconf 84' lang='grc'>375</span> <span class='ocrx_word' id='word_1_132' title='bbox 139 2027 287 2082; x_wconf 87' lang='lat' dir='ltr'>perventum</span> <span class='ocrx_word' id='word_1_133' title='bbox 301 2028 325 2067; x_wconf 89' lang='lat' dir='ltr'>et</span> <span class='ocrx_word' id='word_1_134' title='bbox 338 2021 391 2067; x_wconf 89' lang='lat' dir='ltr'>nati</span> <span class='ocrx_word' id='word_1_135' title='bbox 404 2021 476 2067; x_wconf 88' lang='lat' dir='ltr'>fletus</span> <span class='ocrx_word' id='word_1_136' title='bbox 491 2022 611 2080; x_wconf 81' lang='lat' dir='ltr'>cognovit</span> <span class='ocrx_word' id='word_1_137' title='bbox 624 2022 708 2069; x_wconf 90' lang='lat' dir='ltr'>inanis</span> 
     </span>
     <span class='ocr_line' id='line_1_22' title="bbox 140 2106 779 2170; baseline 0.006 -14"><span class='ocrx_word' id='word_1_138' title='bbox 140 2106 248 2170; x_wconf 79' lang='lat' dir='ltr'>Cyrene,</span> <span class='ocrx_word' id='word_1_139' title='bbox 264 2108 381 2155; x_wconf 89' lang='lat' dir='ltr'>manibus</span> <span class='ocrx_word' id='word_1_140' title='bbox 396 2106 507 2169; x_wconf 87' lang='lat' dir='ltr'>liquidos</span> <span class='ocrx_word' id='word_1_141' title='bbox 522 2107 585 2155; x_wconf 80' lang='lat' dir='ltr'>darn</span> <span class='ocrx_word' id='word_1_142' title='bbox 598 2110 688 2158; x_wconf 82' lang='lat' dir='ltr'>ordine</span> <span class='ocrx_word' id='word_1_143' title='bbox 701 2111 779 2160; x_wconf 88' lang='lat' dir='ltr'>fontis</span> 
     </span>
     <span class='ocr_line' id='line_1_23' title="bbox 139 2195 747 2258; baseline 0.005 -14"><span class='ocrx_word' id='word_1_144' title='bbox 139 2210 277 2257; x_wconf 84' lang='lat' dir='ltr'>germanae</span> <span class='ocrx_word' id='word_1_145' title='bbox 290 2196 422 2258; x_wconf 86' lang='lat' dir='ltr'>tonsisque</span> <span class='ocrx_word' id='word_1_146' title='bbox 436 2195 520 2244; x_wconf 85' lang='lat' dir='ltr'>ferunt</span> <span class='ocrx_word' id='word_1_147' title='bbox 532 2199 656 2246; x_wconf 87' lang='lat' dir='ltr'>mantelia</span> <span class='ocrx_word' id='word_1_148' title='bbox 668 2199 747 2258; x_wconf 91' lang='lat' dir='ltr'>villis,</span> 
     </span>
     <span class='ocr_line' id='line_1_24' title="bbox 139 2285 799 2349; baseline 0.008 -18"><span class='ocrx_word' id='word_1_149' title='bbox 139 2299 198 2347; x_wconf 86' lang='lat' dir='ltr'>pars</span> <span class='ocrx_word' id='word_1_150' title='bbox 211 2285 293 2349; x_wconf 90' lang='lat' dir='ltr'>epulis</span> <span class='ocrx_word' id='word_1_151' title='bbox 307 2294 415 2333; x_wconf 88' lang='lat' dir='ltr'>onerant</span> <span class='ocrx_word' id='word_1_152' title='bbox 427 2301 528 2334; x_wconf 85' lang='lat' dir='ltr'>mensas</span> <span class='ocrx_word' id='word_1_153' title='bbox 542 2293 567 2334; x_wconf 92' lang='lat' dir='ltr'>et</span> <span class='ocrx_word' id='word_1_154' title='bbox 579 2288 657 2348; x_wconf 90' lang='lat' dir='ltr'>plena</span> <span class='ocrx_word' id='word_1_155' title='bbox 670 2298 799 2349; x_wconf 86' lang='lat' dir='ltr'>reponunt</span> 
     </span>
     <span class='ocr_line' id='line_1_25' title="bbox 139 2373 765 2436; baseline 0.006 -15"><span class='ocrx_word' id='word_1_156' title='bbox 139 2374 242 2435; x_wconf 90' lang='lat' dir='ltr'>pocula,</span> <span class='ocrx_word' id='word_1_157' title='bbox 258 2373 400 2422; x_wconf 87' lang='lat' dir='ltr'>Panchaeis</span> <span class='ocrx_word' id='word_1_158' title='bbox 414 2375 566 2422; x_wconf 84' lang='lat' dir='ltr'>adolescunt</span> <span class='ocrx_word' id='word_1_159' title='bbox 578 2375 681 2436; x_wconf 84' lang='lat' dir='ltr'>ignibus</span> <span class='ocrx_word' id='word_1_160' title='bbox 696 2392 765 2436; x_wconf 82' lang='lat' dir='ltr'>arae,</span> 
     </span>
     <span class='ocr_line' id='line_1_26' title="bbox 69 2453 739 2525; baseline 0.004 -16"><span class='ocrx_word' id='word_1_161' title='bbox 69 2467 120 2510; x_wconf 84' lang='lat'>380</span> <span class='ocrx_word' id='word_1_162' title='bbox 140 2469 165 2511; x_wconf 88' lang='lat' dir='ltr'>et</span> <span class='ocrx_word' id='word_1_163' title='bbox 177 2469 258 2512; x_wconf 86' lang='lat' dir='ltr'>mater</span> <span class='ocrx_word' id='word_1_164' title='bbox 267 2453 342 2525; x_wconf 85' lang='lat' dir='ltr'>‘cape</span> <span class='ocrx_word' id='word_1_165' title='bbox 355 2463 468 2511; x_wconf 90' lang='lat' dir='ltr'>Maeonii</span> <span class='ocrx_word' id='word_1_166' title='bbox 483 2463 615 2512; x_wconf 87' lang='lat' dir='ltr'>carchesia</span> <span class='ocrx_word' id='word_1_167' title='bbox 627 2463 739 2513; x_wconf 88' lang='lat' dir='ltr'>Bacchi:</span> 
     </span>
     <span class='ocr_line' id='line_1_27' title="bbox 141 2543 738 2615; baseline 0.002 -14"><span class='ocrx_word' id='word_1_168' title='bbox 141 2551 245 2601; x_wconf 86' lang='lat' dir='ltr'>Oceano</span> <span class='ocrx_word' id='word_1_169' title='bbox 258 2543 374 2599; x_wconf 86' lang='lat' dir='ltr'>libemus’</span> <span class='ocrx_word' id='word_1_170' title='bbox 388 2552 436 2599; x_wconf 87' lang='lat' dir='ltr'>ait:</span> <span class='ocrx_word' id='word_1_171' title='bbox 458 2553 534 2600; x_wconf 86' lang='lat' dir='ltr'>simul</span> <span class='ocrx_word' id='word_1_172' title='bbox 549 2553 606 2615; x_wconf 86' lang='lat' dir='ltr'>ipsa</span> <span class='ocrx_word' id='word_1_173' title='bbox 619 2562 738 2615; x_wconf 80' lang='lat' dir='ltr'>precatur·</span> 
     </span>
    </p>
   </div>
   <div class='ocr_carea' id='block_1_3' title="bbox 121 2637 857 2708">
    <p class='ocr_par' dir='ltr' id='par_1_3' title="bbox 121 2637 857 2708">
     <span class='ocr_line' id='line_1_28' title="bbox 121 2637 857 2708; baseline 0.003 -23"><span class='ocrx_word' id='word_1_174' title='bbox 121 2637 318 2705; x_wconf 81' lang='lat' dir='ltr'>Oceanumque</span> <span class='ocrx_word' id='word_1_175' title='bbox 329 2648 435 2708; x_wconf 87' lang='lat' dir='ltr'>patrem</span> <span class='ocrx_word' id='word_1_176' title='bbox 450 2658 539 2694; x_wconf 83' lang='lat' dir='ltr'>rerum</span> <span class='ocrx_word' id='word_1_177' title='bbox 551 2641 735 2706; x_wconf 76' lang='lat' dir='ltr'>nymphasque</span> <span class='ocrx_word' id='word_1_178' title='bbox 744 2656 857 2697; x_wconf 70' lang='lat' dir='ltr'>sorores,</span> 
     </span>
    </p>
   </div>
   <div class='ocr_carea' id='block_1_4' title="bbox 0 0 915 2956">
    <p class='ocr_par' dir='ltr' id='par_1_4' title="bbox 0 0 915 2956">
     <span class='ocr_line' id='line_1_29' title="bbox 0 0 915 2956; baseline 0 0"><span class='ocrx_word' id='word_1_179' title='bbox 0 0 915 2956; x_wconf 95' lang='lat' dir='ltr'> </span> 
     </span>
    </p>
   </div>
  </div>
 </body>
</html>
