1808 2956
229 211 232 219 ·
250 201 397 240 Aeunrnos
421 200 508 239 mean
524 201 565 241 iv.
658 224 664 238 .
745 191 807 239 289

80 365 207 406 armatam
220 356 318 405 facibus
331 364 439 404 matrem
453 365 478 405 et
490 357 651 419 serpentibus
664 358 725 405 atris

81 461 140 496 cum
153 446 219 508 fugit
231 446 387 507 ultricesque
400 446 491 494 sedent
502 446 530 492 in
543 445 633 493 limine
645 445 735 494 Dirae.

116 535 186 596 Ergo
199 534 243 581 ubi
258 534 377 596 concepit
389 534 468 582 furias
482 534 564 582 evicta
577 535 667 582 dolore

34 630 59 673 '5
81 623 245 685 decrevitque
258 623 334 681 mori,
349 629 449 686 tempus
462 637 549 671 recum
561 623 618 684 ipsa
631 623 789 685 modumque

82 711 164 773 exigit
177 718 202 759 et
214 719 340 759 maestam
353 711 427 758 dictis
442 711 564 772 adgressa
576 725 691 759 sororem

81 800 220 848 consilium
233 800 304 847 voltu
317 799 380 860 tegit
392 814 423 847 ac
436 814 507 862 spem
520 798 604 846 fronte
617 807 726 848 serenat.

77 879 185 947 ‘inveni,
200 902 334 950 germana,
349 887 416 935 viam
430 886 543 950 (gratare
556 887 651 952 sorori)

83 992 150 1040 qnae
163 977 227 1024 mihi
240 976 332 1024 reddat
344 991 403 1024 enm
415 977 455 1024 vel
475 990 506 1024 ee
518 991 559 1024 me
572 977 657 1024 solvat
669 984 809 1025 amantem.

34 1072 61 1115 30
83 1065 181 1114 Oceani
195 1065 272 1113 finem
284 1065 358 1112 iuxta
371 1066 503 1127 solemque
516 1065 652 1113 cadentem

81 1154 189 1202 ultimus
201 1153 361 1216 Aethiopum
375 1154 448 1202 iocus
462 1160 501 1202 est
511 1154 556 1201 ubi
570 1154 698 1202 maximus
711 1155 788 1202 Atlas

83 1257 157 1291 axem
170 1256 259 1290 umero
274 1250 376 1305 torquet
388 1243 469 1291 stellis
483 1243 630 1291 ardentibus
644 1250 748 1306 aptum:

82 1331 144 1380 hinc
157 1331 220 1378 mihi
233 1331 362 1393 Massylae
375 1332 458 1393 gentis
472 1338 615 1379 monstrata
627 1333 757 1391 sacerdos,

82 1419 253 1483 Hesperidum
266 1420 355 1482 templi
370 1426 464 1479 custos,
480 1420 621 1483 epulasque
634 1420 741 1469 draconi

34 1514 61 1558 35
82 1522 149 1571 quae
162 1507 241 1556 dabat
254 1515 279 1556 et
291 1523 378 1557 sacros
392 1509 509 1557 servabat
520 1509 548 1556 in
562 1509 653 1557 arbore
667 1524 762 1567 remos,

82 1611 207 1660 spargens
220 1597 309 1644 umida
322 1598 403 1645 mella
415 1598 639 1661 soporiferumque
652 1611 773 1660 papaver.

83 1686 148 1734 haee
162 1700 188 1734 se
202 1686 359 1734 carminibus
372 1687 500 1749 promittit
513 1687 611 1734 solvere
625 1692 723 1733 mentes

83 1789 148 1837 quas
160 1773 230 1833 velit,
246 1781 285 1821 ast
298 1775 355 1823 aliis
369 1775 446 1823 duras
460 1775 588 1823 inmittere
602 1788 691 1834 curas3

83 1863 172 1911 sistere
185 1877 280 1925 aquam
292 1863 374 1910 fluviis
388 1872 414 1912 et
425 1871 522 1912 vertere
535 1863 620 1911 sidera
633 1869 716 1922 retr03

34 1957 62 2000 30
82 1958 276 2015 nocturnosque
289 1962 374 2001 movet
386 1953 485 2011 manis;
506 1952 606 2014 mugire
618 1951 716 2000 videbis

82 2041 130 2089 sub
144 2042 252 2104 pedibus
266 2050 360 2090 terram
374 2048 399 2090 et
410 2041 564 2089 descendere
577 2040 707 2088 montibus
722 2053 808 2087 ornos.

82 2135 171 2188 testor,
187 2145 255 2189 cara,
271 2131 332 2178 deos
346 2138 371 2178 et
384 2137 417 2189 te,
432 2144 565 2191 germana,
580 2137 704 2191 tuumque

83 2218 158 2266 dulce
172 2225 257 2281 caput,
273 2219 388 2280 magicas
401 2218 507 2265 invitam
520 2217 651 2279 accingier
663 2217 734 2264 artis.

82 2314 110 2353 tu
123 2315 221 2355 secreta
233 2322 324 2369 pyram
336 2314 404 2355 tecto
417 2307 539 2354 interiore
552 2306 598 2354 sub
612 2319 688 2352 auras

34 2399 61 2442 35
82 2395 152 2457 erige
165 2403 191 2443 et
203 2410 275 2444 arma
286 2396 342 2456 viri,
359 2395 473 2444 thalamo
488 2409 554 2458 quae
567 2395 619 2441 fixa
632 2393 739 2455 reliquit

82 2484 186 2546 impius,
203 2485 359 2547 exuviasque
373 2484 456 2532 omnis
470 2484 616 2545 lectumque
628 2481 760 2541 iugaiem„

84 2587 136 2634 quo
144 2572 219 2634 perii,
235 2573 462 2639 superinponant:
485 2574 597 2624 cboiere
607 2565 728 2617 ncianffix

856 2617 868 2635 2

72 2668 166 2708 cuncta
175 2662 221 2709 riri
227 2674 412 2718 monumenta
417 2635 870 2717 iuvarmouserasquesecexm
