<?xml version="1.0" encoding="UTF-8"?>
<!DOCTYPE html PUBLIC "-//W3C//DTD XHTML 1.0 Transitional//EN"
    "http://www.w3.org/TR/xhtml1/DTD/xhtml1-transitional.dtd">
<html xmlns="http://www.w3.org/1999/xhtml" xml:lang="en" lang="en">
 <head>
  <title>
</title>
<meta http-equiv="Content-Type" content="text/html;charset=utf-8" />
  <meta name='ocr-system' content='tesseract 3.04.00' />
  <meta name='ocr-capabilities' content='ocr_page ocr_carea ocr_par ocr_line ocrx_word'/>
</head>
<body>
  <div class='ocr_page' id='page_1' title='image "./pvergiliusmaro00virggoog/pvergiliusmaro00virggoog_0460.png"; bbox 0 0 1808 2956; ppageno 0'>
   <div class='ocr_carea' id='block_1_1' title="bbox 249 176 803 223">
    <p class='ocr_par' dir='ltr' id='par_1_1' title="bbox 249 176 803 223">
     <span class='ocr_line' id='line_1_1' title="bbox 249 176 803 223; baseline 0 -2"><span class='ocrx_word' id='word_1_1' title='bbox 249 183 396 222; x_wconf 84' lang='lat' dir='ltr'>AENEIDOS</span> <span class='ocrx_word' id='word_1_2' title='bbox 412 184 499 222; x_wconf 84' lang='lat' dir='ltr'><strong>LIBER</strong></span> <span class='ocrx_word' id='word_1_3' title='bbox 516 185 557 223; x_wconf 90' lang='lat' dir='ltr'>Xl.</span> <span class='ocrx_word' id='word_1_4' title='bbox 740 176 803 221; x_wconf 73' lang='lat'>463</span> 
     </span>
    </p>
   </div>
   <div class='ocr_carea' id='block_1_2' title="bbox 28 339 808 2524">
    <p class='ocr_par' dir='ltr' id='par_1_2' title="bbox 74 339 771 486">
     <span class='ocr_line' id='line_1_2' title="bbox 74 339 771 402; baseline 0.003 -15"><span class='ocrx_word' id='word_1_5' title='bbox 74 339 232 388; x_wconf 74' lang='lat' dir='ltr'><strong>Dardanidis</strong></span> <span class='ocrx_word' id='word_1_6' title='bbox 247 340 349 401; x_wconf 84' lang='lat' dir='ltr'>dicique</span> <span class='ocrx_word' id='word_1_7' title='bbox 362 340 443 398; x_wconf 92' lang='lat' dir='ltr'>iubes,</span> <span class='ocrx_word' id='word_1_8' title='bbox 460 355 548 398; x_wconf 91' lang='lat' dir='ltr'>unum,</span> <span class='ocrx_word' id='word_1_9' title='bbox 564 341 660 402; x_wconf 84' lang='lat' dir='ltr'>optime</span> <span class='ocrx_word' id='word_1_10' title='bbox 673 356 771 402; x_wconf 90' lang='lat' dir='ltr'>regum,</span> 
     </span>
     <span class='ocr_line' id='line_1_3' title="bbox 75 428 610 486; baseline -0.002 -10"><span class='ocrx_word' id='word_1_11' title='bbox 75 428 183 486; x_wconf 84' lang='lat' dir='ltr'>adicias,</span> <span class='ocrx_word' id='word_1_12' title='bbox 199 443 246 476; x_wconf 89' lang='lat' dir='ltr'>nec</span> <span class='ocrx_word' id='word_1_13' title='bbox 259 438 283 476; x_wconf 88' lang='lat' dir='ltr'>te</span> <span class='ocrx_word' id='word_1_14' title='bbox 296 428 373 475; x_wconf 86' lang='lat' dir='ltr'>ullius</span> <span class='ocrx_word' id='word_1_15' title='bbox 387 428 510 476; x_wconf 83' lang='lat' dir='ltr'>violentia</span> <span class='ocrx_word' id='word_1_16' title='bbox 524 429 610 476; x_wconf 87' lang='lat' dir='ltr'>vincat</span> 
     </span>
    </p>

    <p class='ocr_par' dir='ltr' id='par_1_3' title="bbox 28 517 808 934">
     <span class='ocr_line' id='line_1_4' title="bbox 28 517 808 585; baseline 0 -21"><span class='ocrx_word' id='word_1_17' title='bbox 28 523 54 565; x_wconf 70' lang='lat'>55</span> <span class='ocrx_word' id='word_1_18' title='bbox 76 517 139 578; x_wconf 92' lang='lat' dir='ltr'>quin</span> <span class='ocrx_word' id='word_1_19' title='bbox 152 524 240 563; x_wconf 80' lang='lat' dir='ltr'>natam</span> <span class='ocrx_word' id='word_1_20' title='bbox 254 517 358 578; x_wconf 86' lang='lat' dir='ltr'>egregio</span> <span class='ocrx_word' id='word_1_21' title='bbox 372 532 467 578; x_wconf 89' lang='lat' dir='ltr'>genero</span> <span class='ocrx_word' id='word_1_22' title='bbox 482 518 619 580; x_wconf 82' lang='lat' dir='ltr'>dignisque</span> <span class='ocrx_word' id='word_1_23' title='bbox 632 517 781 579; x_wconf 73' lang='lat' dir='ltr'>hymenaeis</span> <span class='ocrx_word' id='word_1_24' title='bbox 807 578 808 585; x_wconf 10' lang='grc' dir='ltr'>ἵ</span> 
     </span>
     <span class='ocr_line' id='line_1_5' title="bbox 75 605 804 667; baseline 0 -15"><span class='ocrx_word' id='word_1_25' title='bbox 75 606 129 664; x_wconf 85' lang='lat' dir='ltr'>des,</span> <span class='ocrx_word' id='word_1_26' title='bbox 145 613 231 667; x_wconf 85' lang='lat' dir='ltr'>pater,</span> <span class='ocrx_word' id='word_1_27' title='bbox 253 614 277 652; x_wconf 90' lang='lat' dir='ltr'>et</span> <span class='ocrx_word' id='word_1_28' title='bbox 289 621 380 667; x_wconf 85' lang='lat' dir='ltr'>pacem</span> <span class='ocrx_word' id='word_1_29' title='bbox 393 605 460 654; x_wconf 92' lang='lat' dir='ltr'>hanc</span> <span class='ocrx_word' id='word_1_30' title='bbox 473 613 578 653; x_wconf 85' lang='lat' dir='ltr'>aeterno</span> <span class='ocrx_word' id='word_1_31' title='bbox 591 605 694 654; x_wconf 84' lang='lat' dir='ltr'>foedere</span> <span class='ocrx_word' id='word_1_32' title='bbox 703 607 804 654; x_wconf 80' lang='lat' dir='ltr'>firmes.</span> 
     </span>
     <span class='ocr_line' id='line_1_6' title="bbox 75 694 738 756; baseline 0 -15"><span class='ocrx_word' id='word_1_33' title='bbox 75 694 145 756; x_wconf 91' lang='lat' dir='ltr'>quod</span> <span class='ocrx_word' id='word_1_34' title='bbox 159 695 179 740; x_wconf 90' lang='lat' dir='ltr'>si</span> <span class='ocrx_word' id='word_1_35' title='bbox 194 702 279 741; x_wconf 82' lang='lat' dir='ltr'>tantus</span> <span class='ocrx_word' id='word_1_36' title='bbox 294 694 371 742; x_wconf 89' lang='lat' dir='ltr'>habet</span> <span class='ocrx_word' id='word_1_37' title='bbox 383 702 480 742; x_wconf 84' lang='lat' dir='ltr'>mentes</span> <span class='ocrx_word' id='word_1_38' title='bbox 494 701 519 742; x_wconf 89' lang='lat' dir='ltr'>et</span> <span class='ocrx_word' id='word_1_39' title='bbox 531 702 636 756; x_wconf 81' lang='lat' dir='ltr'>pectora</span> <span class='ocrx_word' id='word_1_40' title='bbox 649 701 738 752; x_wconf 87' lang='lat' dir='ltr'>terror,</span> 
     </span>
     <span class='ocr_line' id='line_1_7' title="bbox 74 783 740 846; baseline 0 -16"><span class='ocrx_word' id='word_1_41' title='bbox 74 784 159 846; x_wconf 89' lang='lat' dir='ltr'>ipsum</span> <span class='ocrx_word' id='word_1_42' title='bbox 173 783 329 831; x_wconf 85' lang='lat' dir='ltr'>obtestemur</span> <span class='ocrx_word' id='word_1_43' title='bbox 341 783 493 845; x_wconf 80' lang='lat' dir='ltr'>veniamque</span> <span class='ocrx_word' id='word_1_44' title='bbox 506 797 607 830; x_wconf 88' lang='lat' dir='ltr'>oremus</span> <span class='ocrx_word' id='word_1_45' title='bbox 621 783 653 830; x_wconf 86' lang='lat' dir='ltr'>ab</span> <span class='ocrx_word' id='word_1_46' title='bbox 667 784 740 845; x_wconf 81' lang='lat' dir='ltr'>ips03</span> 
     </span>
     <span class='ocr_line' id='line_1_8' title="bbox 75 871 724 934; baseline -0.002 -15"><span class='ocrx_word' id='word_1_47' title='bbox 75 873 158 929; x_wconf 82' lang='lat' dir='ltr'>cedat,</span> <span class='ocrx_word' id='word_1_48' title='bbox 173 872 213 918; x_wconf 89' lang='lat' dir='ltr'>ius</span> <span class='ocrx_word' id='word_1_49' title='bbox 226 872 358 934; x_wconf 87' lang='lat' dir='ltr'>preprium</span> <span class='ocrx_word' id='word_1_50' title='bbox 373 872 425 932; x_wconf 89' lang='lat' dir='ltr'>regi</span> <span class='ocrx_word' id='word_1_51' title='bbox 440 871 590 933; x_wconf 80' lang='lat' dir='ltr'>patriaeque</span> <span class='ocrx_word' id='word_1_52' title='bbox 603 873 724 920; x_wconf 84' lang='lat' dir='ltr'>remittet.</span> 
     </span>
    </p>

    <p class='ocr_par' dir='ltr' id='par_1_4' title="bbox 28 961 784 1377">
     <span class='ocr_line' id='line_1_9' title="bbox 28 961 714 1022; baseline -0.001 -14"><span class='ocrx_word' id='word_1_53' title='bbox 28 966 55 1008; x_wconf 78' lang='lat'>30</span> <span class='ocrx_word' id='word_1_54' title='bbox 75 961 137 1022; x_wconf 90' lang='lat' dir='ltr'>quid</span> <span class='ocrx_word' id='word_1_55' title='bbox 150 962 256 1008; x_wconf 88' lang='lat' dir='ltr'>miseros</span> <span class='ocrx_word' id='word_1_56' title='bbox 270 961 364 1008; x_wconf 89' lang='lat' dir='ltr'>totiens</span> <span class='ocrx_word' id='word_1_57' title='bbox 378 961 404 1006; x_wconf 92' lang='lat' dir='ltr'>in</span> <span class='ocrx_word' id='word_1_58' title='bbox 418 967 506 1022; x_wconf 86' lang='lat' dir='ltr'>aperta</span> <span class='ocrx_word' id='word_1_59' title='bbox 520 961 634 1021; x_wconf 85' lang='lat' dir='ltr'>pericula</span> <span class='ocrx_word' id='word_1_60' title='bbox 648 961 714 1008; x_wconf 89' lang='lat' dir='ltr'>cives</span> 
     </span>
     <span class='ocr_line' id='line_1_10' title="bbox 74 1048 784 1112; baseline -0.001 -16"><span class='ocrx_word' id='word_1_61' title='bbox 74 1049 177 1112; x_wconf 83' lang='lat' dir='ltr'>proicis,</span> <span class='ocrx_word' id='word_1_62' title='bbox 194 1065 209 1097; x_wconf 91' lang='lat'>0</span> <span class='ocrx_word' id='word_1_63' title='bbox 222 1049 297 1098; x_wconf 85' lang='lat' dir='ltr'>Latio</span> <span class='ocrx_word' id='word_1_64' title='bbox 312 1056 389 1111; x_wconf 84' lang='lat' dir='ltr'>caput</span> <span class='ocrx_word' id='word_1_65' title='bbox 401 1049 496 1095; x_wconf 88' lang='lat' dir='ltr'>horum</span> <span class='ocrx_word' id='word_1_66' title='bbox 507 1055 532 1095; x_wconf 89' lang='lat' dir='ltr'>et</span> <span class='ocrx_word' id='word_1_67' title='bbox 545 1063 623 1096; x_wconf 84' lang='lat' dir='ltr'>causa</span> <span class='ocrx_word' id='word_1_68' title='bbox 636 1048 784 1096; x_wconf 77' lang='lat' dir='ltr'>malorum?</span> 
     </span>
     <span class='ocr_line' id='line_1_11' title="bbox 75 1137 721 1200; baseline 0 -17"><span class='ocrx_word' id='word_1_69' title='bbox 75 1139 148 1186; x_wconf 82' lang='lat' dir='ltr'>nulle</span> <span class='ocrx_word' id='word_1_70' title='bbox 160 1139 229 1186; x_wconf 84' lang='lat' dir='ltr'>salus</span> <span class='ocrx_word' id='word_1_71' title='bbox 244 1138 321 1196; x_wconf 87' lang='lat' dir='ltr'>bello,</span> <span class='ocrx_word' id='word_1_72' title='bbox 337 1152 428 1200; x_wconf 82' lang='lat' dir='ltr'>pacem</span> <span class='ocrx_word' id='word_1_73' title='bbox 442 1137 608 1199; x_wconf 84' lang='lat' dir='ltr'>tepescimus</span> <span class='ocrx_word' id='word_1_74' title='bbox 623 1151 721 1195; x_wconf 88' lang='lat' dir='ltr'>omnes,</span> 
     </span>
     <span class='ocr_line' id='line_1_12' title="bbox 75 1225 720 1295; baseline 0 -24"><span class='ocrx_word' id='word_1_75' title='bbox 75 1225 171 1284; x_wconf 86' lang='lat' dir='ltr'>Turne,</span> <span class='ocrx_word' id='word_1_76' title='bbox 186 1227 261 1274; x_wconf 88' lang='lat' dir='ltr'>simul</span> <span class='ocrx_word' id='word_1_77' title='bbox 274 1227 345 1290; x_wconf 82' lang='lat' dir='ltr'>pacis</span> <span class='ocrx_word' id='word_1_78' title='bbox 359 1227 443 1274; x_wconf 90' lang='lat' dir='ltr'>solum</span> <span class='ocrx_word' id='word_1_79' title='bbox 456 1225 605 1274; x_wconf 84' lang='lat' dir='ltr'>inviolabile</span> <span class='ocrx_word' id='word_1_80' title='bbox 618 1225 720 1295; x_wconf 85' lang='lat' dir='ltr'>pignus.</span> 
     </span>
     <span class='ocr_line' id='line_1_13' title="bbox 75 1313 765 1377; baseline 0.004 -18"><span class='ocrx_word' id='word_1_81' title='bbox 75 1313 171 1375; x_wconf 89' lang='lat' dir='ltr'>primus</span> <span class='ocrx_word' id='word_1_82' title='bbox 185 1328 242 1375; x_wconf 87' lang='lat' dir='ltr'>ego,</span> <span class='ocrx_word' id='word_1_83' title='bbox 257 1316 367 1362; x_wconf 88' lang='lat' dir='ltr'>invisum</span> <span class='ocrx_word' id='word_1_84' title='bbox 381 1331 457 1377; x_wconf 88' lang='lat' dir='ltr'>quem</span> <span class='ocrx_word' id='word_1_85' title='bbox 470 1322 497 1362; x_wconf 90' lang='lat' dir='ltr'>tu</span> <span class='ocrx_word' id='word_1_86' title='bbox 511 1314 556 1362; x_wconf 91' lang='lat' dir='ltr'>tibi</span> <span class='ocrx_word' id='word_1_87' title='bbox 570 1315 655 1375; x_wconf 90' lang='lat' dir='ltr'>fingis,</span> <span class='ocrx_word' id='word_1_88' title='bbox 671 1322 696 1362; x_wconf 90' lang='lat' dir='ltr'>et</span> <span class='ocrx_word' id='word_1_89' title='bbox 709 1328 765 1363; x_wconf 89' lang='lat' dir='ltr'>esse</span> 
     </span>
    </p>

    <p class='ocr_par' dir='ltr' id='par_1_5' title="bbox 28 1402 762 1815">
     <span class='ocr_line' id='line_1_14' title="bbox 28 1402 762 1467; baseline 0.001 -18"><span class='ocrx_word' id='word_1_90' title='bbox 28 1407 54 1450; x_wconf 78' lang='lat'>35</span> <span class='ocrx_word' id='word_1_91' title='bbox 75 1402 112 1450; x_wconf 90' lang='lat' dir='ltr'>nil</span> <span class='ocrx_word' id='word_1_92' title='bbox 125 1418 220 1462; x_wconf 87' lang='lat' dir='ltr'>moror,</span> <span class='ocrx_word' id='word_1_93' title='bbox 237 1419 268 1451; x_wconf 90' lang='lat' dir='ltr'>en</span> <span class='ocrx_word' id='word_1_94' title='bbox 281 1405 392 1467; x_wconf 88' lang='lat' dir='ltr'>supplex</span> <span class='ocrx_word' id='word_1_95' title='bbox 405 1405 488 1452; x_wconf 87' lang='lat' dir='ltr'>venio.</span> <span class='ocrx_word' id='word_1_96' title='bbox 516 1404 636 1451; x_wconf 88' lang='lat' dir='ltr'>miserere</span> <span class='ocrx_word' id='word_1_97' title='bbox 649 1410 762 1461; x_wconf 89' lang='lat' dir='ltr'>tuorum,</span> 
     </span>
     <span class='ocr_line' id='line_1_15' title="bbox 74 1491 695 1555; baseline 0 -17"><span class='ocrx_word' id='word_1_98' title='bbox 74 1506 141 1554; x_wconf 90' lang='lat' dir='ltr'>pone</span> <span class='ocrx_word' id='word_1_99' title='bbox 155 1493 255 1539; x_wconf 86' lang='lat' dir='ltr'>animos</span> <span class='ocrx_word' id='word_1_100' title='bbox 270 1500 294 1540; x_wconf 91' lang='lat' dir='ltr'>et</span> <span class='ocrx_word' id='word_1_101' title='bbox 307 1494 396 1555; x_wconf 86' lang='lat' dir='ltr'>pulsus</span> <span class='ocrx_word' id='word_1_102' title='bbox 410 1492 461 1540; x_wconf 84' lang='lat' dir='ltr'>abi.</span> <span class='ocrx_word' id='word_1_103' title='bbox 490 1499 530 1539; x_wconf 85' lang='lat' dir='ltr'>snt</span> <span class='ocrx_word' id='word_1_104' title='bbox 543 1492 633 1540; x_wconf 86' lang='lat' dir='ltr'>funera</span> <span class='ocrx_word' id='word_1_105' title='bbox 647 1491 695 1539; x_wconf 89' lang='lat' dir='ltr'>fusi</span> 
     </span>
     <span class='ocr_line' id='line_1_16' title="bbox 73 1573 648 1640; baseline 0.002 -16"><span class='ocrx_word' id='word_1_106' title='bbox 73 1580 193 1637; x_wconf 89' lang='lat' dir='ltr'>vidimus,</span> <span class='ocrx_word' id='word_1_107' title='bbox 209 1580 326 1640; x_wconf 81' lang='lat' dir='ltr'>ingentes</span> <span class='ocrx_word' id='word_1_108' title='bbox 340 1588 365 1628; x_wconf 88' lang='lat' dir='ltr'>et</span> <span class='ocrx_word' id='word_1_109' title='bbox 377 1573 549 1627; x_wconf 70' lang='lat' dir='ltr'>desolavimus</span> <span class='ocrx_word' id='word_1_110' title='bbox 563 1594 648 1640; x_wconf 86' lang='lat' dir='ltr'>agros.</span> 
     </span>
     <span class='ocr_line' id='line_1_17' title="bbox 74 1666 699 1728; baseline 0.002 -15"><span class='ocrx_word' id='word_1_111' title='bbox 74 1673 119 1713; x_wconf 85' lang='lat' dir='ltr'>aut</span> <span class='ocrx_word' id='word_1_112' title='bbox 132 1667 153 1712; x_wconf 86' lang='lat' dir='ltr'>si</span> <span class='ocrx_word' id='word_1_113' title='bbox 167 1666 236 1714; x_wconf 84' lang='lat' dir='ltr'>sama</span> <span class='ocrx_word' id='word_1_114' title='bbox 249 1675 341 1724; x_wconf 87' lang='lat' dir='ltr'>movet,</span> <span class='ocrx_word' id='word_1_115' title='bbox 357 1667 377 1714; x_wconf 91' lang='lat' dir='ltr'>si</span> <span class='ocrx_word' id='word_1_116' title='bbox 392 1673 492 1713; x_wconf 88' lang='lat' dir='ltr'>tantum</span> <span class='ocrx_word' id='word_1_117' title='bbox 505 1673 608 1728; x_wconf 82' lang='lat' dir='ltr'>pectore</span> <span class='ocrx_word' id='word_1_118' title='bbox 621 1667 699 1714; x_wconf 89' lang='lat' dir='ltr'>robur</span> 
     </span>
     <span class='ocr_line' id='line_1_18' title="bbox 75 1753 650 1815; baseline -0.002 -14"><span class='ocrx_word' id='word_1_119' title='bbox 75 1753 190 1815; x_wconf 84' lang='lat' dir='ltr'>concipis</span> <span class='ocrx_word' id='word_1_120' title='bbox 203 1763 228 1802; x_wconf 89' lang='lat' dir='ltr'>et</span> <span class='ocrx_word' id='word_1_121' title='bbox 241 1755 262 1801; x_wconf 92' lang='lat' dir='ltr'>si</span> <span class='ocrx_word' id='word_1_122' title='bbox 275 1755 340 1802; x_wconf 84' lang='lat' dir='ltr'>adeo</span> <span class='ocrx_word' id='word_1_123' title='bbox 354 1754 448 1801; x_wconf 82' lang='lat' dir='ltr'>dotalis</span> <span class='ocrx_word' id='word_1_124' title='bbox 462 1754 534 1814; x_wconf 80' lang='lat' dir='ltr'>regia</span> <span class='ocrx_word' id='word_1_125' title='bbox 547 1755 650 1811; x_wconf 86' lang='lat' dir='ltr'>cordist,</span> 
     </span>
    </p>

    <p class='ocr_par' dir='ltr' id='par_1_6' title="bbox 28 1841 803 2259">
     <span class='ocr_line' id='line_1_19' title="bbox 28 1841 803 1904; baseline -0.005 -12"><span class='ocrx_word' id='word_1_126' title='bbox 28 1849 54 1892; x_wconf 62' lang='lat'>{0</span> <span class='ocrx_word' id='word_1_127' title='bbox 74 1844 141 1891; x_wconf 84' lang='lat' dir='ltr'>aude</span> <span class='ocrx_word' id='word_1_128' title='bbox 154 1850 232 1904; x_wconf 83' lang='lat' dir='ltr'>atque</span> <span class='ocrx_word' id='word_1_129' title='bbox 245 1842 381 1890; x_wconf 86' lang='lat' dir='ltr'>adversum</span> <span class='ocrx_word' id='word_1_130' title='bbox 393 1841 475 1888; x_wconf 89' lang='lat' dir='ltr'>fidens</span> <span class='ocrx_word' id='word_1_131' title='bbox 494 1841 532 1888; x_wconf 89' lang='lat' dir='ltr'>fer</span> <span class='ocrx_word' id='word_1_132' title='bbox 545 1849 633 1904; x_wconf 88' lang='lat' dir='ltr'>pectus</span> <span class='ocrx_word' id='word_1_133' title='bbox 647 1841 674 1887; x_wconf 92' lang='lat' dir='ltr'>in</span> <span class='ocrx_word' id='word_1_134' title='bbox 691 1841 803 1890; x_wconf 84' lang='lat' dir='ltr'>hostem.</span> 
     </span>
     <span class='ocr_line' id='line_1_20' title="bbox 74 1929 675 1991; baseline -0.007 -11"><span class='ocrx_word' id='word_1_135' title='bbox 74 1932 173 1980; x_wconf 87' lang='lat' dir='ltr'>scilicet</span> <span class='ocrx_word' id='word_1_136' title='bbox 185 1938 213 1978; x_wconf 89' lang='lat' dir='ltr'>ut</span> <span class='ocrx_word' id='word_1_137' title='bbox 225 1930 314 1977; x_wconf 88' lang='lat' dir='ltr'>Turno</span> <span class='ocrx_word' id='word_1_138' title='bbox 329 1931 462 1991; x_wconf 82' lang='lat' dir='ltr'>contingat</span> <span class='ocrx_word' id='word_1_139' title='bbox 475 1929 546 1991; x_wconf 84' lang='lat' dir='ltr'>regia</span> <span class='ocrx_word' id='word_1_140' title='bbox 560 1929 675 1977; x_wconf 87' lang='lat' dir='ltr'>coniunx</span> 
     </span>
     <span class='ocr_line' id='line_1_21' title="bbox 74 2018 733 2081; baseline -0.003 -14"><span class='ocrx_word' id='word_1_141' title='bbox 74 2035 130 2079; x_wconf 89' lang='lat' dir='ltr'>nos,</span> <span class='ocrx_word' id='word_1_142' title='bbox 147 2020 249 2069; x_wconf 83' lang='lat' dir='ltr'>animae</span> <span class='ocrx_word' id='word_1_143' title='bbox 262 2019 334 2077; x_wconf 88' lang='lat' dir='ltr'>viles,</span> <span class='ocrx_word' id='word_1_144' title='bbox 350 2019 484 2067; x_wconf 84' lang='lat' dir='ltr'>inhumata</span> <span class='ocrx_word' id='word_1_145' title='bbox 497 2019 635 2081; x_wconf 85' lang='lat' dir='ltr'>infletaque</span> <span class='ocrx_word' id='word_1_146' title='bbox 649 2018 733 2077; x_wconf 82' lang='lat' dir='ltr'>turba,</span> 
     </span>
     <span class='ocr_line' id='line_1_22' title="bbox 74 2107 714 2170; baseline 0 -15"><span class='ocrx_word' id='word_1_147' title='bbox 74 2117 218 2158; x_wconf 84' lang='lat' dir='ltr'>sternamur</span> <span class='ocrx_word' id='word_1_148' title='bbox 231 2107 338 2169; x_wconf 81' lang='lat' dir='ltr'>campis.</span> <span class='ocrx_word' id='word_1_149' title='bbox 366 2116 392 2156; x_wconf 86' lang='lat' dir='ltr'>et</span> <span class='ocrx_word' id='word_1_150' title='bbox 403 2108 456 2156; x_wconf 81' lang='lat' dir='ltr'>iam</span> <span class='ocrx_word' id='word_1_151' title='bbox 469 2115 505 2166; x_wconf 91' lang='lat' dir='ltr'>tu,</span> <span class='ocrx_word' id='word_1_152' title='bbox 520 2108 595 2170; x_wconf 81' lang='lat' dir='ltr'>siqua</span> <span class='ocrx_word' id='word_1_153' title='bbox 609 2107 654 2154; x_wconf 91' lang='lat' dir='ltr'>tibi</span> <span class='ocrx_word' id='word_1_154' title='bbox 668 2107 714 2166; x_wconf 87' lang='lat' dir='ltr'>vis,</span> 
     </span>
     <span class='ocr_line' id='line_1_23' title="bbox 74 2195 757 2259; baseline 0 -16"><span class='ocrx_word' id='word_1_155' title='bbox 74 2197 94 2243; x_wconf 90' lang='lat' dir='ltr'>si</span> <span class='ocrx_word' id='word_1_156' title='bbox 108 2198 183 2258; x_wconf 82' lang='lat' dir='ltr'>patrii</span> <span class='ocrx_word' id='word_1_157' title='bbox 198 2196 260 2259; x_wconf 89' lang='lat' dir='ltr'>quid</span> <span class='ocrx_word' id='word_1_158' title='bbox 273 2195 363 2242; x_wconf 83' lang='lat' dir='ltr'>Martis</span> <span class='ocrx_word' id='word_1_159' title='bbox 376 2195 464 2254; x_wconf 86' lang='lat' dir='ltr'>habes,</span> <span class='ocrx_word' id='word_1_160' title='bbox 480 2197 553 2244; x_wconf 88' lang='lat' dir='ltr'>illum</span> <span class='ocrx_word' id='word_1_161' title='bbox 566 2197 653 2258; x_wconf 82' lang='lat' dir='ltr'>aspice</span> <span class='ocrx_word' id='word_1_162' title='bbox 667 2204 757 2243; x_wconf 80' lang='lat' dir='ltr'>contra</span> 
     </span>
    </p>

    <p class='ocr_par' dir='ltr' id='par_1_7' title="bbox 28 2277 224 2345">
     <span class='ocr_line' id='line_1_24' title="bbox 28 2277 224 2345; baseline 0.01 -13"><span class='ocrx_word' id='word_1_163' title='bbox 28 2289 53 2332; x_wconf 54' lang='lat'>{5</span> <span class='ocrx_word' id='word_1_164' title='bbox 75 2285 118 2345; x_wconf 92' lang='lat' dir='ltr'>qui</span> <span class='ocrx_word' id='word_1_165' title='bbox 132 2277 224 2334; x_wconf 55' lang='lat' dir='ltr'>vocet?</span> 
     </span>
    </p>

    <p class='ocr_par' dir='ltr' id='par_1_8' title="bbox 74 2372 753 2524">
     <span class='ocr_line' id='line_1_25' title="bbox 109 2372 660 2431; baseline 0.004 -12"><span class='ocrx_word' id='word_1_166' title='bbox 109 2372 216 2421; x_wconf 85' lang='lat' dir='ltr'>Talibus</span> <span class='ocrx_word' id='word_1_167' title='bbox 231 2373 326 2421; x_wconf 83' lang='lat' dir='ltr'>exarsit</span> <span class='ocrx_word' id='word_1_168' title='bbox 339 2373 413 2421; x_wconf 84' lang='lat' dir='ltr'>dict-is</span> <span class='ocrx_word' id='word_1_169' title='bbox 426 2373 549 2422; x_wconf 82' lang='lat' dir='ltr'>violentia</span> <span class='ocrx_word' id='word_1_170' title='bbox 562 2373 643 2421; x_wconf 86' lang='lat' dir='ltr'>Turni</span> <span class='ocrx_word' id='word_1_171' title='bbox 654 2390 660 2431; x_wconf 87' lang='lat'>;</span> 
     </span>
     <span class='ocr_line' id='line_1_26' title="bbox 74 2461 753 2524; baseline 0.003 -17"><span class='ocrx_word' id='word_1_172' title='bbox 74 2461 118 2508; x_wconf 78' lang='lat' dir='ltr'>(lat</span> <span class='ocrx_word' id='word_1_173' title='bbox 131 2461 255 2522; x_wconf 88' lang='lat' dir='ltr'>gemitum</span> <span class='ocrx_word' id='word_1_174' title='bbox 269 2461 416 2524; x_wconf 86' lang='lat' dir='ltr'>rumpitque</span> <span class='ocrx_word' id='word_1_175' title='bbox 428 2461 474 2510; x_wconf 85' lang='lat' dir='ltr'>has</span> <span class='ocrx_word' id='word_1_176' title='bbox 487 2463 539 2509; x_wconf 91' lang='lat' dir='ltr'>imo</span> <span class='ocrx_word' id='word_1_177' title='bbox 553 2469 657 2524; x_wconf 90' lang='lat' dir='ltr'>pectore</span> <span class='ocrx_word' id='word_1_178' title='bbox 670 2477 753 2509; x_wconf 89' lang='lat' dir='ltr'>voces.</span> 
     </span>
    </p>
   </div>
   <div class='ocr_carea' id='block_1_3' title="bbox 70 2539 842 2706">
    <p class='ocr_par' dir='ltr' id='par_1_9' title="bbox 70 2539 842 2706">
     <span class='ocr_line' id='line_1_27' title="bbox 70 2539 765 2614; baseline -0.004 -17"><span class='ocrx_word' id='word_1_179' title='bbox 70 2539 154 2611; x_wconf 82' lang='lat' dir='ltr'>‘larga</span> <span class='ocrx_word' id='word_1_180' title='bbox 168 2550 280 2612; x_wconf 87' lang='lat' dir='ltr'>quidem,</span> <span class='ocrx_word' id='word_1_181' title='bbox 296 2550 408 2610; x_wconf 81' lang='lat' dir='ltr'>Drance,</span> <span class='ocrx_word' id='word_1_182' title='bbox 424 2565 525 2614; x_wconf 87' lang='lat' dir='ltr'>semper</span> <span class='ocrx_word' id='word_1_183' title='bbox 538 2550 583 2598; x_wconf 88' lang='lat' dir='ltr'>tibi</span> <span class='ocrx_word' id='word_1_184' title='bbox 598 2551 675 2612; x_wconf 85' lang='lat' dir='ltr'>copia</span> <span class='ocrx_word' id='word_1_185' title='bbox 686 2550 765 2596; x_wconf 66' lang='lat' dir='ltr'>innui</span> 
     </span>
     <span class='ocr_line' id='line_1_28' title="bbox 73 2628 842 2706; baseline -0.016 -20"><span class='ocrx_word' id='word_1_186' title='bbox 73 2650 125 2686; x_wconf 88' lang='lat' dir='ltr'>tnm</span> <span class='ocrx_word' id='word_1_187' title='bbox 140 2655 198 2686; x_wconf 90' lang='lat' dir='ltr'>cnm</span> <span class='ocrx_word' id='word_1_188' title='bbox 211 2639 279 2688; x_wconf 82' lang='lat' dir='ltr'>bciia</span> <span class='ocrx_word' id='word_1_189' title='bbox 291 2655 386 2690; x_wconf 85' lang='lat' dir='ltr'>manus</span> <span class='ocrx_word' id='word_1_190' title='bbox 400 2649 526 2706; x_wconf 82' lang='lat' dir='ltr'>poscunt,</span> <span class='ocrx_word' id='word_1_191' title='bbox 538 2628 842 2705; x_wconf 56' lang='lat' dir='ltr'>patribusqueuucax&#39;xs</span> 
     </span>
    </p>
   </div>
   <div class='ocr_carea' id='block_1_4' title="bbox 0 0 908 2956">
    <p class='ocr_par' dir='ltr' id='par_1_10' title="bbox 0 0 908 2956">
     <span class='ocr_line' id='line_1_29' title="bbox 0 0 908 2956; baseline 0 0"><span class='ocrx_word' id='word_1_192' title='bbox 0 0 908 2956; x_wconf 95' lang='lat' dir='ltr'> </span> 
     </span>
    </p>
   </div>
  </div>
 </body>
</html>
