1808 2956
254 193 402 232 Annuinos
423 194 509 232 ainau
528 195 567 233 vn
745 185 808 233 318

79 349 174 410 gloria,
191 348 234 411 qui
248 357 371 396 maneant
383 349 450 397 Itala
463 350 494 397 de
506 356 582 411 gente
595 357 711 411 nepotes,

79 437 196 484 inlustris
210 435 310 484 animas
322 442 490 499 nostrumque
503 439 530 484 in
543 452 638 485 nornen
651 438 730 484 iturea

79 524 217 588 expediam
230 523 305 571 dictis
319 531 345 571 et
357 530 382 571 te
394 531 439 572 tua
451 526 505 573 fata
518 525 626 574 docebo.

34 618 59 660 to
80 613 134 671 illo,
149 612 229 670 videa,
244 626 309 673 pura
321 611 420 659 iuvenis
434 613 478 675 qui
491 614 581 660 nititur
593 613 676 671 hasta,

79 700 199 763 proxima
211 706 279 747 sorte
292 706 361 748 tenet
374 700 438 747 lueis
452 700 519 759 loca,
535 701 632 763 primus
646 701 676 748 ad
692 716 769 749 auras

80 788 208 837 aetherias
220 788 288 836 Italo
302 789 456 836 commixtus
469 789 596 850 sanguine
608 797 704 850 surget,

80 874 183 934 Silvius,
199 875 331 923 Albanum
343 890 447 935 nomen,
463 884 508 923 tua
521 885 641 938 postuma
653 878 749 939 proles,

80 978 156 1026 quem
169 964 215 1011 tibi
228 964 355 1025 longaevo
369 979 453 1012 serum
466 964 575 1012 Lavinia
588 965 702 1012 coniunx

34 1057 58 1100 55
79 1053 171 1100 educet
183 1052 253 1099 silvia
266 1066 352 1113 regem
366 1067 507 1114 regumque
520 1060 662 1115 parentem,

78 1139 147 1188 unde
159 1154 240 1201 genus
253 1139 346 1202 Longa
358 1147 475 1187 nostrum
489 1140 662 1188 dominabitur
675 1141 753 1189 Alba.

77 1228 211 1290 proximus
224 1228 268 1275 ille
281 1227 386 1287 Procas,
402 1227 532 1276 Troianae
545 1229 629 1290 gloria
641 1229 735 1290 gentis,

78 1323 104 1364 et
117 1313 202 1377 Capys
216 1323 241 1364 et
252 1315 372 1363 Numitor
385 1324 410 1364 et
422 1317 466 1378 qui
480 1324 505 1365 te
517 1317 622 1365 nomine
635 1318 725 1365 reddet

77 1401 172 1451 Silvius
185 1406 297 1463 Aeneas,
314 1406 410 1466 pariter
422 1406 516 1467 pietate
529 1407 569 1453 vel
582 1405 661 1452 armis

34 1497 56 1540 '0
76 1491 205 1553 egregius,
221 1492 242 1539 si
257 1507 379 1554 umquem
392 1495 550 1555 regnandum
564 1493 806 1555 acceperitAlbain.

77 1579 122 1642 qui
135 1579 255 1628 iuvenes!
276 1589 386 1642 quantas
400 1588 538 1637 ostentent,
555 1581 649 1642 aspice,
665 1582 730 1629 vires

77 1673 155 1729 atque
167 1668 286 1716 umbrata
299 1675 392 1730 gerunt
405 1669 474 1716 civili
487 1676 604 1730 tempora
617 1669 728 1731 quercui

76 1756 103 1804 hi
117 1756 163 1803 tibi
176 1756 332 1803 Nomentum
345 1764 370 1804 et
384 1755 480 1803 Gabios
493 1756 635 1818 urbemque
647 1757 781 1816 Fidenam,

76 1844 103 1891 hi
117 1842 262 1892 Coliatiuas
275 1845 401 1906 inponent
413 1845 543 1892 montibus
557 1859 637 1902 arces,

34 1937 56 1980 '5
77 1931 210 1980 Pometios
224 1930 396 1995 Castrumque
413 1934 470 1981 Inui
488 1933 633 1995 Bolamque
647 1930 805 1995 Coramque.

75 2020 141 2069 haec
160 2029 215 2068 tum
233 2021 342 2068 nomina
360 2028 448 2079 erunt,
470 2026 539 2068 nunc
556 2028 616 2068 aunt
631 2021 687 2068 sine
699 2021 807 2069 nomine

377 2116 468 2156 terrae.

76 2196 139 2258 quin
153 2203 178 2242 et
191 2210 239 2243 avo
253 2197 373 2244 comitem
385 2210 441 2244 sese
454 2196 596 2244 Mavortius
609 2197 687 2244 addet

75 2283 210 2343 Romulus,
225 2284 346 2332 Assaraci
361 2298 437 2346 quem
449 2284 582 2345 sauguinis
597 2284 645 2332 ilia
657 2292 739 2332 mater

75 2372 176 2420 educet.
203 2372 278 2420 viden
292 2379 321 2418 ut
332 2373 451 2433 geminae
464 2378 533 2419 stant
546 2371 639 2419 vertice
653 2372 747 2420 cristae

34 2466 55 2507 :0
75 2466 101 2508 et
113 2467 186 2522 pater
198 2460 253 2521 ipse
266 2475 313 2507 suo
327 2475 448 2522 superum
460 2460 512 2507 iam
525 2459 611 2520 signat
623 2459 742 2508 honore?

75 2562 108 2595 eu
120 2547 206 2606 huius,
222 2555 290 2606 nate,
306 2549 427 2610 auspiciis
439 2548 487 2596 illa
498 2548 600 2596 incluta
610 2547 699 2596 Rome.

70 2635 207 2695 imperinm
222 2638 306 2698 terris,
322 2639 432 2688 animos
445 2637 578 2703 aequauit
588 2634 713 2697 Qiqmpo
