1808 2956
283 169 431 209 Annumos
453 170 540 209 alana
556 171 584 210 v.
770 162 829 210 273

102 327 212 375 nullane
225 327 277 374 iam
290 325 384 374 Troiae
398 327 516 375 dicentur
528 327 650 376 moenia?
669 343 797 390 nusquam

104 415 245 463 Hectoreos
259 415 342 462 amnis
354 415 490 464 Xanthum
503 423 528 463 et
541 414 674 464 Simoenta
686 416 796 464 videbo?

55 509 82 552 t5
105 503 168 566 quin
182 504 250 564 agite
264 512 289 552 et
301 519 401 551 mecum
415 505 540 552 infaustas
554 504 652 552 exurite
666 504 768 566 puppis.

104 607 165 639 uam
179 592 241 639 mihi
257 592 418 641 Cassandrae
431 607 476 654 pcr
489 607 608 639 somnum
620 593 685 656 vatis
698 593 785 655 imago

105 681 219 728 ardentis
233 682 294 730 dare
306 682 360 730 visa
372 682 456 730 faces:
475 671 528 728 ‘hic
542 681 656 742 quaerite
669 680 783 740 Troiam,

104 769 147 817 hic
161 770 251 817 domus
265 761 311 818 est'
322 771 407 832 inquit
416 761 507 816 ‘vobis
535 769 587 816 iam
606 777 706 831 tempus
724 770 766 832 agi
780 785 828 829 res,

104 872 153 905 nec
166 859 244 906 tantis
257 874 330 907 mora
343 859 478 920 prodigiis.
507 873 538 905 cn
553 865 673 921 quattuor
686 873 746 907 arae

56 952 84 994 l0
104 946 240 1009 Neptuno:
263 949 324 996 dcus
338 949 393 1010 ipse
406 947 476 995 faces
490 947 656 1008 animumque
669 940 816 995 ministrat'

105 1035 169 1083 haec
182 1051 328 1083 memorans
346 1036 430 1098 prima
442 1035 571 1082 infensum
587 1035 611 1082 vi
626 1036 732 1099 corripit
744 1035 831 1099 ignem

105 1124 259 1187 sublataque
273 1125 362 1186 procul
377 1125 467 1172 dextra
480 1124 574 1172 conixa
587 1132 705 1172 coruscat

105 1220 130 1260 et
142 1213 212 1261 iacit.
240 1220 354 1261 arrectae
367 1220 464 1260 mentes
478 1212 672 1275 stupefactaque
686 1213 765 1261 corda

103 1301 224 1349 Iliadum.
252 1301 294 1350 hic
307 1317 360 1349 una
372 1316 386 1349 e
399 1301 494 1359 multis,
511 1316 576 1363 quae
589 1301 703 1350 maxima
715 1308 787 1361 natu,

56 1395 83 1437 ts
104 1389 198 1451 Pyrgo,
214 1397 251 1436 tot
264 1389 359 1436 Priami
374 1397 493 1437 natorum
507 1389 578 1450 regia
591 1389 686 1448 nutrix,

100 1467 165 1525 ‘non
177 1478 260 1526 Beroe
274 1477 354 1536 vobis,
370 1492 423 1524 non
436 1477 500 1525 haec
512 1477 646 1536 Rhoeteia,
661 1484 764 1537 matres,

104 1572 142 1614 est
153 1566 260 1628 Dorycli
275 1567 404 1614 coniunx;
427 1566 504 1613 divini
518 1566 593 1627 signa
607 1566 705 1614 decoris

104 1654 269 1717 ardentisque
283 1662 369 1702 notato
383 1655 481 1712 oculos,
499 1655 543 1715 qui
556 1653 659 1715 spiritus
673 1653 722 1711 illi,

104 1743 161 1805 quis
174 1744 258 1790 voltus
271 1744 392 1805 vocisque
405 1758 483 1791 sonus
497 1743 536 1790 vel
549 1757 651 1804 grossus
665 1741 744 1789 eunti.

56 1836 83 1881 50
103 1832 160 1894 ipsa
173 1838 275 1893 egomet
288 1833 384 1879 dudum
397 1832 498 1880 Beroen
513 1831 628 1892 digressa
639 1829 741 1891 reliqui,

104 1934 219 1982 aegram,
235 1921 413 1981 indignantem
427 1920 472 1968 tali
486 1920 555 1982 quod
569 1919 625 1967 sola
638 1924 737 1966 careret

104 2023 209 2056 munere
223 2024 270 2058 nec
283 2010 386 2058 meritos
399 2007 530 2057 Anchisae
543 2006 649 2054 inferret
661 1997 791 2054 honorea’

103 2098 168 2145 haec
181 2098 266 2146 effata.

105 2192 131 2233 at
143 2193 237 2234 matres
251 2186 333 2248 primo
348 2184 472 2247 ancipites
487 2184 621 2245 oculisque
633 2180 755 2242 malignis

56 2279 84 2321 35
105 2274 242 2336 ambiguae
254 2283 369 2337 spectaro
383 2280 449 2321 rates
462 2273 583 2319 miserum
596 2271 662 2318 inter
675 2283 789 2318 amorem

105 2364 245 2425 praesentis
260 2371 341 2411 terrae
354 2361 464 2424 fatisque
477 2360 596 2408 vocantia
608 2373 697 2419 regna,

105 2466 164 2499 cum
178 2452 225 2499 dea
238 2466 265 2499 se
278 2450 382 2514 paribus
396 2465 441 2513 per
454 2451 554 2498 caelum
567 2447 669 2496 sustulit
682 2447 729 2494 alis

105 2539 288 2603 ingentemque
301 2539 362 2601 fuga
375 2539 457 2587 secuit
469 2538 516 2586 sub
529 2536 646 2585 nobilius
657 2548 761 2581 arcum.

100 2634 152 2673 turn
168 2642 226 2675 vero
239 2630 370 2681 attonitae
383 2629 516 2680 monstris
530 2635 668 2689 actaeque
677 2621 777 2666 aaron

74 2706 194 2762 Vergilius.
669 2700 715 2749 st
