1808 2956
59 185 74 232 3
82 186 96 232 9
104 185 119 232 8
298 192 323 232 Ρ.
340 191 461 231 vanem
482 190 615 230 MARONIS

128 357 227 397 tautum
240 349 371 397 infelicem
383 348 492 395 nimium
506 348 598 395 dilexit
612 341 750 397 amicum.’

128 437 191 486 talia
204 438 274 485 dieta
286 437 373 496 dabat,
389 437 432 484 sed
447 436 542 483 viribus
556 437 625 484 ensis
640 438 753 486 adactus

58 533 109 574 430
129 526 263 573 transabiit
277 534 361 574 costas
374 533 399 572 et
412 525 524 572 eandida
537 533 646 587 pectora
658 527 770 589 rumpit.

128 616 238 663 volvitur
250 615 377 676 Euryalus
391 615 443 661 leto
456 613 632 675 pulchrosque
646 628 693 676 per
708 623 782 663 artus

130 704 150 750 it
162 718 246 760 cruor,
262 703 341 764 inque
354 716 456 749 umeros
469 702 554 748 cervix
568 702 694 764 conlapsa
709 704 853 752 recumbit:

130 806 272 855 purpureus
286 790 363 838 veluti
377 805 436 838 cum
449 790 496 837 flos
509 790 623 837 succisus
637 799 729 839 aratro

130 879 275 942 languescit
287 879 408 936 moriens,
424 879 524 925 lassove
537 892 668 940 papavera
681 881 754 928 cello

59 975 110 1017 435
131 969 255 1017 demisere
269 975 354 1030 eaput,
370 967 457 1030 pluria
471 982 528 1014 cum
543 966 608 1014 forte
620 978 775 1028 gravantur.

130 1066 156 1105 at
169 1057 245 1105 Nisus
258 1057 309 1103 ruit
321 1056 347 1103 in
362 1056 469 1113 medios,
486 1055 622 1117 solumque
635 1071 682 1118 per
695 1045 784 1106 ouiuis

130 1147 296 1193 Volscentem
309 1145 381 1207 petit,
396 1144 423 1190 in
436 1145 493 1191 solo
507 1144 647 1192 Volscente
665 1155 794 1195 moratur.

131 1248 207 1296 quem
221 1233 317 1281 circam
330 1232 467 1293 glomerati
480 1232 567 1280 hostes
586 1232 648 1281 hine
667 1236 818 1284 comminus
832 1245 866 1284 at·

434 1336 483 1383 que
497 1321 558 1368 hine

132 1410 292 1472 proturbant.
320 1410 398 1457 instat
410 1423 463 1455 non
477 1409 555 1458 setius
569 1424 599 1457 ac
613 1416 682 1457 rotat
695 1425 787 1461 ensem

61 1506 112 1548 440
132 1499 293 1556 fulmineum,
310 1498 392 1546 donec
405 1497 494 1545 Rutuli
508 1498 644 1546 clamantis
658 1499 685 1546 in
699 1514 747 1550 ore

132 1589 248 1637 condidit
260 1588 366 1635 adverso
381 1593 406 1633 et
418 1587 530 1634 moriens
545 1587 659 1635 animam
668 1587 863 1638 alistulithosti.

132 1686 187 1726 tum
199 1692 276 1740 super
289 1675 436 1724 exanimum
450 1690 505 1723 sese
517 1675 626 1737 proiecit
643 1677 758 1724 amicum

133 1768 266 1814 consessus
279 1765 434 1828 placidaque
448 1763 483 1810 ibi
498 1765 601 1812 demum
615 1773 698 1813 morte
712 1766 822 1827 quievit.

168 1854 301 1903 Fortunati
317 1852 407 1900 ambo!
429 1852 513 1914 siquid
528 1867 586 1900 mea
600 1853 717 1901 earmina
731 1866 852 1916 possunt.

62 1949 113 1992 445
133 1945 206 1991 nulla
219 1944 272 1990 dies
286 1956 409 2004 umquam
423 1942 530 1988 memori
544 1957 588 1988 vos
602 1942 699 1989 eximet
711 1957 786 2002 aevo,

133 2033 195 2079 dum
208 2032 299 2078 domus
312 2032 417 2078 Aeneae
432 2029 545 2092 Capitoli
559 2029 682 2077 inmobile
695 2045 790 2079 saxum

133 2122 233 2170 accolet
245 2121 433 2182 imperiumque
446 2127 519 2182 pater
531 2119 663 2166 Romanus
677 2118 795 2168 habebit.

169 2210 286 2258 Victores
298 2210 395 2272 praeda
407 2208 496 2255 Rutuli
510 2208 651 2270 spoliisque
664 2209 739 2269 potiti

135 2300 301 2348 Volscentem
314 2299 463 2347 exanimum
476 2297 565 2345 flentes
578 2297 605 2343 in
619 2305 704 2344 eastra
717 2296 847 2346 serebant.

64 2396 115 2438 450
135 2405 182 2438 nec
195 2390 280 2437 minor
293 2389 319 2436 in
333 2387 422 2436 eastris
436 2388 519 2434 luctus
533 2385 676 2433 Rhamnete
690 2395 794 2448 reperto

134 2479 247 2540 exangui
260 2485 286 2527 et
299 2476 387 2540 primis
401 2490 451 2522 una
466 2482 501 2522 tot
516 2475 594 2522 caede
608 2475 756 2537 peremptis,

135 2570 298 2631 Serranoque
311 2565 454 2628 Numaque.
482 2564 573 2625 ingens
587 2577 727 2610 concursus
741 2562 774 2611 ad
788 2565 846 2627 ipsa

126 2677 240 2728 corpora
254 2657 453 2722 seminecisque
465 2653 536 2701 uiros
548 2650 691 2712 tepida-ape
701 2658 835 2695 recentem
