1808 2956
258 204 406 243 nunninus
426 206 513 244 uisne
531 207 571 244 1v.
750 197 809 244 227

85 359 193 410 conubis
206 376 358 424 summoque
371 362 504 410 ulularunt
516 363 609 411 vertice
623 364 758 427 nymphae.

85 451 130 498 ille
143 450 197 498 dies
210 451 307 513 primus
321 451 365 498 leti
378 450 527 512 primusque
539 452 667 498 malorum

38 545 65 588 lo
86 553 165 588 eausa
177 538 233 586 fuit.
261 552 345 601 neque
358 538 427 586 enirn
440 539 526 601 speeie
538 538 638 587 semare
651 548 767 588 movetur

84 642 133 676 neo
145 628 198 675 ium
211 627 331 674 furtivum
343 627 413 674 Dido
427 627 565 676 meditatur
578 642 706 676 amorem:

86 716 236 778 coniugium
249 722 340 774 vocet3
360 715 411 763 hoe
424 717 551 778 praetexit
562 716 667 764 nomine
680 718 794 780 eulpam.

120 804 260 866 Extemplo
273 803 369 866 Libyae
383 818 491 865 magnas
504 804 525 851 it
536 804 616 853 Fama
629 819 675 867 per
687 806 772 865 urbes,

85 892 174 951 Fama,
190 893 287 940 malum
302 908 354 954 qua
366 906 419 938 non
433 892 502 940 aliud
516 895 629 942 velocius
643 894 741 953 ullum,

38 987 65 1032 {5
85 981 230 1030 mobilitate
243 981 312 1042 viget
323 981 440 1042 viresque
453 981 567 1043 adquirit
579 984 681 1041 eund03

86 1085 165 1133 parve
176 1076 247 1117 metu
260 1069 353 1132 primo,
368 1084 430 1116 mox
443 1084 499 1118 sese
512 1070 608 1118 attollit
620 1071 646 1117 in
660 1085 735 1118 auras

85 1159 279 1221 ingrediturque
292 1158 349 1205 solo
363 1165 388 1205 et
401 1165 478 1220 ceput
490 1159 557 1206 inter
569 1159 659 1207 nubila
672 1160 769 1207 condit.

85 1247 159 1295 illam
171 1247 252 1295 Terra
264 1261 366 1310 parens,
382 1246 421 1295 ira
433 1246 538 1294 inritata
550 1247 666 1306 deorum,

86 1343 240 1395 extremum,
255 1343 284 1384 ut
296 1335 444 1398 perhibent,
461 1332 532 1384 Coeo
544 1335 730 1398 Eneeladoque
742 1350 815 1383 soro·

386 1438 440 1471 rem

38 1518 66 1561 30
86 1513 232 1576 progenuit,
247 1511 356 1574 pedibus
370 1513 480 1560 celerem
493 1518 518 1560 et
530 1513 676 1574 pernicibus
690 1513 747 1572 alis,

85 1607 228 1648 monstrum
240 1600 413 1659 horrendum,
433 1601 539 1662 ingens,
556 1601 596 1648 eui
610 1608 674 1662 quot
686 1608 746 1648 sunt
758 1615 815 1649 cor·

386 1703 448 1752 pore
462 1689 566 1750 plumae

84 1784 124 1825 tot
134 1778 225 1840 vigiles
238 1778 307 1826 oculi
321 1777 408 1825 subter
422 1776 552 1839 (mirabile
565 1776 656 1839 dictu),

85 1872 125 1914 tot
136 1867 250 1928 linguae,
265 1867 373 1914 totidem
387 1881 433 1914 ora
444 1873 547 1923 sonant,
563 1871 602 1912 tot
612 1864 721 1926 subrigit
732 1865 811 1913 euris.

85 1961 161 2003 noete
173 1955 244 2003 volet
256 1955 322 2004 caeli
335 1955 421 2003 medio
434 1961 568 2016 terraeque
581 1968 627 2016 per
639 1953 766 2012 umbram,

38 2049 63 2092 35
84 2043 204 2102 stridens,
219 2058 268 2092 neo
281 2044 350 2092 dulei
365 2043 479 2091 declinet
491 2042 591 2090 lumina
603 2055 712 2100 somno;

84 2134 142 2180 luce
155 2132 227 2180 sedet
239 2140 325 2180 custos
339 2139 384 2180 aut
395 2128 487 2179 summi
502 2131 615 2178 eulmine
628 2129 697 2188 tecti,

84 2221 196 2268 turribus
209 2221 334 2279 anteitis,
351 2227 375 2268 et
387 2234 495 2282 magnus
508 2219 608 2267 territat
619 2218 704 2276 nrbes,

84 2316 137 2356 tarn
149 2309 202 2357 ficti
216 2309 338 2372 pravique
352 2316 430 2356 tenax
443 2323 521 2371 quam
533 2307 625 2355 nuntia
637 2306 698 2354 veri.

84 2397 216 2446 boeotum
229 2397 365 2459 multiplici
380 2398 490 2460 populos
503 2409 622 2444 sermone
634 2393 751 2457 replebat

38 2492 65 2534 >0
84 2486 200 2548 gaudens
215 2493 240 2534 et
252 2485 348 2548 pariter
360 2485 428 2534 fucta
440 2493 518 2547 atque
531 2483 629 2532 infecta
640 2481 774 2530 canebat:

84 2575 183 2622 venisse
195 2576 312 2635 Aenean,
330 2575 447 2626 Troiano
462 2575 599 2640 sanguine
612 2577 734 2620 erema

72 2661 116 2707 eui
125 2675 155 2709 se
164 2664 280 2724 pulchre
292 2667 353 2718 viro
366 2669 505 2735 dignetur
516 2654 738 2789 iungeregxf0
746 2664 760 2704 's
