1808 2956
274 193 421 232 neunrnes
440 194 527 233 nrnnn
544 195 575 234 x.
761 187 820 234 439

46 355 77 397 55
99 364 158 397 curn
171 349 288 396 Turnum
301 350 386 398 medio
400 350 498 399 interea
511 351 559 399 sert
572 366 684 413 aequore
697 352 780 400 turbo.

99 437 203 499 respicit
215 437 320 497 ignarus
334 453 418 486 rerum
431 439 599 501 ingratusque
611 439 701 488 salutis

99 533 124 574 et
137 526 247 588 duplicis
262 541 319 573 cum
334 541 394 575 rece
408 513 499 574 manue
512 527 544 574 ad
559 528 643 576 sideru
657 529 746 577 tendit.

97 615 269 676 ‘omnipotens
282 615 392 675 genitor,
409 622 499 663 teuton
512 631 552 664 me
566 618 672 666 erimine
686 618 793 679 dignum

99 703 193 750 duxisti
207 710 232 752 et
245 704 303 750 telis
317 704 419 751 voluisti
432 705 577 766 expendere
590 705 705 768 poenes?

46 796 79 840 70
99 807 151 853 quo
165 791 251 839 seror?
270 791 338 840 unde
352 792 423 840 abiit
442 808 508 855 quae
528 809 568 842 me
587 794 649 856 fuge
668 808 775 856 quemve
788 809 826 843 re·

400 880 486 928 ducit?

99 967 268 1016 Laurentisne
281 967 374 1015 iterum
388 983 474 1017 mures
488 977 532 1018 eut
546 976 629 1018 cestre
642 970 751 1019 videbo?

99 1056 161 1117 quid
175 1072 266 1105 manus
285 1057 331 1105 illa
344 1057 435 1116 virum,
457 1059 501 1120 qui
520 1073 561 1108 me
580 1073 688 1121 meaque
706 1074 778 1108 erma
789 1073 828 1106 se·

401 1146 469 1194 cut'?

101 1246 200 1294 quosne
213 1232 309 1297 (nefas)
323 1235 406 1282 omnis
420 1235 527 1283 infendu
539 1235 566 1283 in
579 1243 661 1284 morte
674 1235 767 1298 reliqui

101 1327 125 1369 et
138 1336 206 1370 nune
218 1324 336 1385 palantes
349 1323 423 1372 video
436 1325 612 1387 gemitumque
625 1325 763 1374 cadentum

49 1415 80 1461 75
100 1411 217 1474 accipio?
243 1412 305 1474 quid
325 1412 393 1473 ugo?
414 1420 459 1460 eut
478 1428 545 1476 quue
563 1414 615 1462 iam
634 1414 695 1462 setis
714 1413 766 1461 ime
785 1413 828 1462 de-

400 1500 483 1548 hiscet
790 1479 794 1486 Ι

101 1595 168 1634 terre
181 1588 262 1635 mihi?
281 1603 325 1635 ves
339 1602 354 1634 0
369 1589 454 1650 petius
467 1589 632 1648 miserescite,
648 1590 714 1637 venti
726 1605 732 1648 3

101 1676 128 1721 in
142 1690 226 1736 rupes,
242 1676 269 1723 in
283 1691 346 1724 sexa
360 1676 459 1738 (velens
472 1691 517 1723 vos
530 1676 633 1723 Turnus
646 1676 739 1738 edero)

102 1764 164 1811 serte
177 1770 258 1811 retem
271 1765 404 1826 saevisque
417 1764 488 1811 vadis
501 1763 621 1811 inmittite
634 1764 717 1825 syrtis,

102 1867 153 1914 quo
172 1866 255 1913 neque
274 1867 314 1900 me
327 1852 415 1899 Rutuli
430 1867 476 1900 nec
490 1852 594 1900 conseia
607 1851 676 1899 ferne
688 1844 830 1914 sequetur.³

49 1946 82 1988 80
102 1941 166 1988 haec
186 1954 331 1988 memorans
351 1941 437 1988 anime
456 1955 525 1988 nunc
543 1941 607 1998 huc,
635 1954 704 1988 nune
724 1940 831 1988 fluctuat

401 2029 473 2088 illuc,

102 2134 134 2166 en
148 2133 203 2167 sese
217 2132 340 2166 mucrone
353 2117 385 2164 ob
400 2125 498 2165 tentum
513 2118 624 2165 dedecus
637 2131 726 2166 emens

102 2207 192 2256 induet
205 2216 230 2255 et
243 2207 350 2254 crudum
364 2220 409 2268 per
422 2213 505 2254 costes
519 2207 607 2267 exiget
619 2220 715 2265 ensem,

102 2295 220 2343 fluctibus
234 2311 267 2344 un
281 2295 359 2343 iaciat
370 2295 463 2343 mediis
477 2303 501 2343 et
514 2295 591 2343 litera
604 2296 690 2342 nendo

103 2398 179 2430 curra
191 2393 260 2446 petet
268 2384 447 2446 Teucrumque
461 2384 551 2432 iteruin
566 2398 592 2432 se
606 2384 696 2430 reddat
709 2384 736 2429 in
746 2397 827 2430 erma.

50 2476 82 2519 85
103 2479 140 2520 ter
154 2482 260 2520 cenatus
276 2479 411 2534 utramque
424 2473 499 2531 viam,
516 2480 553 2519 tei·
567 2471 681 2519 maxime
694 2472 758 2518 Iuno

103 2560 230 2608 continuit
242 2561 411 2623 iuvenemque
425 2561 505 2609 animi
518 2561 641 2607 miserate
652 2559 787 2619 reuress'xt.

100 2649 197 2698 inbitur
208 2650 260 2700 uite
273 2666 366 2701 secans
379 2651 519 2716 fluctuque
532 2657 670 2709 uestuque
679 2638 807 2688 secunde
