1808 2956
69 173 78 219 J
91 173 127 220 66
306 182 332 220 P.
349 181 470 220 VERGILI
491 182 621 221 MARONIS

67 341 116 386 165
136 336 215 385 fatale
228 338 343 400 adgressi
356 348 457 386 sacrato
472 340 581 387 aaronem
594 342 690 402 templo

135 425 291 486 Palladium,
308 427 388 475 eaesis
402 442 517 475 summae
531 429 679 476 custodibus
693 430 768 487 areis,

136 516 282 578 corripuere
295 530 395 564 sacram
409 515 520 576 effigiem
532 517 703 579 manibusque
717 520 828 566 eruentis
860 493 870 523 ⁹

135 604 263 666 virgineas
277 604 333 652 ausi
347 605 419 652 divae
433 605 582 666 contingere
595 606 679 663 vittas,

136 693 228 741 exilio
241 694 320 742 fluere
333 709 363 742 ae
376 702 444 742 retro
457 694 579 756 sublapsa
592 695 680 742 referri
716 688 723 704 ’

68 785 117 832 170
137 797 195 846 spes
208 783 338 841 Danaum,
355 783 451 830 fractae
464 783 538 841 vires,
555 798 644 830 aversa
658 784 720 831 [leae
734 799 815 832 meus.

135 886 184 920 nee
197 872 281 919 dubiis
296 887 327 920 ea
339 872 414 933 signa
428 872 497 919 dedit
511 872 628 919 Tritonia
641 874 772 920 monstris.

134 960 176 1008 vix
190 961 303 1023 positum
317 961 405 1008 eastris
419 961 595 1019 simulacrum,
612 976 696 1009 arsere
710 977 833 1010 coruscae

135 1049 275 1097 luminibus
288 1050 407 1097 flammae
421 1051 525 1097 arrectis
539 1051 675 1112 salsusque
688 1064 733 1112 per
747 1059 816 1098 artus

135 1138 215 1185 sudor
227 1139 257 1184 iit
270 1145 359 1201 terque
371 1139 429 1200 ipsa
441 1139 497 1186 solo
512 1137 641 1200 (mirabile
656 1139 738 1200 dictu)

67 1229 115 1276 175
136 1227 241 1274 emicuit
253 1241 421 1289 parmamque
434 1226 518 1274 ferens
531 1227 684 1289 hastamque
702 1235 861 1277 trementem.

135 1317 265 1378 extemplo
279 1317 428 1378 temptanda
446 1315 508 1376 suga
526 1317 595 1363 canit
612 1331 726 1378 aequora
740 1315 861 1375 Calchas,

135 1418 182 1452 nee
195 1419 270 1466 posse
282 1405 413 1466 Argolicis
427 1406 529 1454 excindi
543 1406 670 1467 Pergama
683 1405 749 1463 telis,

135 1493 223 1541 omina
236 1493 262 1541 ni
275 1501 392 1556 repetant
405 1495 482 1556 Argis
497 1509 644 1556 numenque
658 1495 782 1542 redueaut

135 1583 203 1645 quod
218 1583 311 1645 pelago
325 1591 349 1631 et
363 1584 444 1631 curris
458 1599 545 1632 seeum
560 1598 665 1630 avexere
680 1583 782 1630 carinis.

66 1675 115 1720 180
135 1678 160 1719 et
173 1687 242 1720 nune
256 1673 325 1735 quod
339 1673 435 1735 patrias
448 1680 524 1721 rento
538 1673 633 1736 petiere
647 1672 777 1734 Mycenas,

135 1776 207 1808 arma
220 1762 333 1824 deosque
346 1768 439 1824 parant
452 1763 571 1820 semitm,
587 1763 732 1824 pelagoque
746 1776 863 1809 remenso

134 1849 258 1912 inprovisi
271 1850 388 1898 aderunt.
417 1852 453 1898 ita
466 1851 559 1912 digerit
572 1850 660 1897 omina
674 1849 795 1897 Calchas.

134 1937 202 1986 hane
215 1953 262 2001 pro
275 1939 394 1987 Palladio
408 1939 508 1997 moniti,
524 1954 570 2001 pro
585 1939 690 1986 numine
704 1939 774 1986 laeso

134 2026 246 2088 effigiem
259 2035 379 2087 statuere,
396 2029 468 2076 nefus
482 2042 547 2090 quae
561 2028 632 2075 triste
645 2027 736 2088 piaret.

64 2119 114 2164 185
135 2115 202 2164 hane
215 2124 301 2165 tamen
315 2117 459 2165 inmensam
474 2115 585 2164 Calchas
599 2117 717 2164 attollere
734 2116 829 2164 molem

134 2204 270 2254 roboribus
283 2206 359 2254 textis
373 2206 497 2267 caeloque
511 2206 619 2253 educere
632 2205 715 2262 iussit,

133 2308 167 2342 ne
179 2295 258 2358 recipi
272 2295 352 2357 portis
366 2302 410 2341 aut
424 2295 481 2342 duei
495 2294 522 2341 in
536 2295 639 2343 moenie
651 2301 738 2356 posset

134 2397 185 2431 neu
198 2383 324 2447 populum
338 2384 446 2445 antiqua
458 2383 505 2430 sub
519 2384 645 2444 religione
659 2382 734 2430 tueri.

134 2487 195 2520 nam
208 2473 229 2520 si
242 2479 326 2520 vestra
339 2487 430 2520 manus
444 2473 566 2520 violasset
579 2473 648 2519 dona
660 2472 800 2529 Minervae,

61 2564 113 2606 190
132 2567 186 2608 tum
206 2575 331 2622 magnum
356 2561 463 2609 exitium
487 2559 569 2622 (quod
594 2561 620 2608 di
643 2561 713 2623 prius
738 2574 814 2607 omen
838 2559 864 2606 in

435 2649 525 2717 ipsum
