<?xml version="1.0" encoding="UTF-8"?>
<!DOCTYPE html PUBLIC "-//W3C//DTD XHTML 1.0 Transitional//EN"
    "http://www.w3.org/TR/xhtml1/DTD/xhtml1-transitional.dtd">
<html xmlns="http://www.w3.org/1999/xhtml" xml:lang="en" lang="en">
 <head>
  <title>
</title>
<meta http-equiv="Content-Type" content="text/html;charset=utf-8" />
  <meta name='ocr-system' content='tesseract 3.04.00' />
  <meta name='ocr-capabilities' content='ocr_page ocr_carea ocr_par ocr_line ocrx_word'/>
</head>
<body>
  <div class='ocr_page' id='page_1' title='image "./pvergiliusmaro00virggoog/pvergiliusmaro00virggoog_0063.png"; bbox 0 0 1808 2956; ppageno 0'>
   <div class='ocr_carea' id='block_1_1' title="bbox 59 169 611 215">
    <p class='ocr_par' dir='ltr' id='par_1_1' title="bbox 59 169 611 215">
     <span class='ocr_line' id='line_1_1' title="bbox 59 169 611 215; baseline -0.005 0"><span class='ocrx_word' id='word_1_1' title='bbox 59 169 94 215; x_wconf 81' lang='grc'>56</span> <span class='ocrx_word' id='word_1_2' title='bbox 295 177 320 214; x_wconf 89' lang='grc' dir='ltr'>Ρ.</span> <span class='ocrx_word' id='word_1_3' title='bbox 337 175 459 213; x_wconf 80' lang='lat' dir='ltr'>VERGILI</span> <span class='ocrx_word' id='word_1_4' title='bbox 480 174 611 213; x_wconf 80' lang='lat' dir='ltr'>MARONIS</span> 
     </span>
    </p>
   </div>
   <div class='ocr_carea' id='block_1_2' title="bbox 56 329 847 1450">
    <p class='ocr_par' dir='ltr' id='par_1_2' title="bbox 56 329 813 749">
     <span class='ocr_line' id='line_1_2' title="bbox 56 329 749 394; baseline -0.007 -13"><span class='ocrx_word' id='word_1_5' title='bbox 56 339 106 381; x_wconf 82' lang='lat'>410</span> <span class='ocrx_word' id='word_1_6' title='bbox 126 340 181 380; x_wconf 88' lang='lat' dir='ltr'>tum</span> <span class='ocrx_word' id='word_1_7' title='bbox 194 331 306 394; x_wconf 86' lang='lat' dir='ltr'>liquidas</span> <span class='ocrx_word' id='word_1_8' title='bbox 319 329 387 378; x_wconf 82' lang='lat' dir='ltr'>corvi</span> <span class='ocrx_word' id='word_1_9' title='bbox 401 343 489 391; x_wconf 88' lang='lat' dir='ltr'>presso</span> <span class='ocrx_word' id='word_1_10' title='bbox 504 335 543 376; x_wconf 90' lang='lat' dir='ltr'>ter</span> <span class='ocrx_word' id='word_1_11' title='bbox 555 334 660 389; x_wconf 81' lang='lat' dir='ltr'>gutture</span> <span class='ocrx_word' id='word_1_12' title='bbox 672 342 749 376; x_wconf 86' lang='lat' dir='ltr'>voces</span> 
     </span>
     <span class='ocr_line' id='line_1_3' title="bbox 126 415 790 481; baseline -0.006 -13"><span class='ocrx_word' id='word_1_13' title='bbox 126 429 170 468; x_wconf 86' lang='lat' dir='ltr'>aut</span> <span class='ocrx_word' id='word_1_14' title='bbox 183 426 274 481; x_wconf 85' lang='lat' dir='ltr'>quater</span> <span class='ocrx_word' id='word_1_15' title='bbox 286 417 448 479; x_wconf 78' lang='lat' dir='ltr'>ingeminant</span> <span class='ocrx_word' id='word_1_16' title='bbox 461 423 486 464; x_wconf 88' lang='lat' dir='ltr'>et</span> <span class='ocrx_word' id='word_1_17' title='bbox 498 430 575 477; x_wconf 89' lang='lat' dir='ltr'>saepe</span> <span class='ocrx_word' id='word_1_18' title='bbox 588 415 718 464; x_wconf 90' lang='lat' dir='ltr'>cubilibus</span> <span class='ocrx_word' id='word_1_19' title='bbox 731 415 790 464; x_wconf 76' lang='lat' dir='ltr'>altis</span> 
     </span>
     <span class='ocr_line' id='line_1_4' title="bbox 126 504 739 569; baseline -0.005 -13"><span class='ocrx_word' id='word_1_20' title='bbox 126 507 213 556; x_wconf 85' lang='lat' dir='ltr'>nescio</span> <span class='ocrx_word' id='word_1_21' title='bbox 228 522 280 569; x_wconf 89' lang='lat' dir='ltr'>qua</span> <span class='ocrx_word' id='word_1_22' title='bbox 293 513 393 568; x_wconf 89' lang='lat' dir='ltr'>praeter</span> <span class='ocrx_word' id='word_1_23' title='bbox 406 505 512 552; x_wconf 89' lang='lat' dir='ltr'>solitum</span> <span class='ocrx_word' id='word_1_24' title='bbox 526 504 664 552; x_wconf 77' lang='lat' dir='ltr'>dulcedine</span> <span class='ocrx_word' id='word_1_25' title='bbox 678 505 739 553; x_wconf 88' lang='lat' dir='ltr'>laeti</span> 
     </span>
     <span class='ocr_line' id='line_1_5' title="bbox 127 591 813 654; baseline -0.007 -9"><span class='ocrx_word' id='word_1_26' title='bbox 127 598 193 645; x_wconf 89' lang='lat' dir='ltr'>iuter</span> <span class='ocrx_word' id='word_1_27' title='bbox 206 609 232 643; x_wconf 90' lang='lat' dir='ltr'>se</span> <span class='ocrx_word' id='word_1_28' title='bbox 245 595 272 641; x_wconf 93' lang='lat' dir='ltr'>in</span> <span class='ocrx_word' id='word_1_29' title='bbox 285 594 355 641; x_wconf 86' lang='lat' dir='ltr'>soliis</span> <span class='ocrx_word' id='word_1_30' title='bbox 368 592 512 654; x_wconf 81' lang='lat' dir='ltr'>strepitant,</span> <span class='ocrx_word' id='word_1_31' title='bbox 528 591 599 639; x_wconf 85' lang='lat' dir='ltr'>iuvat</span> <span class='ocrx_word' id='word_1_32' title='bbox 611 591 739 640; x_wconf 86' lang='lat' dir='ltr'>imbribus</span> <span class='ocrx_word' id='word_1_33' title='bbox 751 593 813 642; x_wconf 85' lang='lat' dir='ltr'>actis</span> 
     </span>
     <span class='ocr_line' id='line_1_6' title="bbox 127 679 773 749; baseline -0.005 -17"><span class='ocrx_word' id='word_1_34' title='bbox 127 683 278 749; x_wconf 89' lang='lat' dir='ltr'>progeniem</span> <span class='ocrx_word' id='word_1_35' title='bbox 291 697 396 745; x_wconf 78' lang='lat' dir='ltr'>parvam</span> <span class='ocrx_word' id='word_1_36' title='bbox 410 680 544 742; x_wconf 87' lang='lat' dir='ltr'>dulcisque</span> <span class='ocrx_word' id='word_1_37' title='bbox 557 679 666 729; x_wconf 85' lang='lat' dir='ltr'>revisere</span> <span class='ocrx_word' id='word_1_38' title='bbox 680 681 773 741; x_wconf 88' lang='lat' dir='ltr'>nid0s;</span> 
     </span>
    </p>

    <p class='ocr_par' dir='ltr' id='par_1_3' title="bbox 57 768 847 1184">
     <span class='ocr_line' id='line_1_7' title="bbox 57 768 756 835; baseline -0.007 -13"><span class='ocrx_word' id='word_1_39' title='bbox 57 780 107 822; x_wconf 78' lang='lat'>415</span> <span class='ocrx_word' id='word_1_40' title='bbox 127 773 196 821; x_wconf 85' lang='lat' dir='ltr'>haud</span> <span class='ocrx_word' id='word_1_41' title='bbox 210 772 330 835; x_wconf 85' lang='lat' dir='ltr'>equidem</span> <span class='ocrx_word' id='word_1_42' title='bbox 343 770 430 828; x_wconf 83' lang='lat' dir='ltr'>crede,</span> <span class='ocrx_word' id='word_1_43' title='bbox 446 768 508 831; x_wconf 86' lang='lat' dir='ltr'>quia</span> <span class='ocrx_word' id='word_1_44' title='bbox 521 769 554 817; x_wconf 87' lang='lat' dir='ltr'>sit</span> <span class='ocrx_word' id='word_1_45' title='bbox 567 769 690 817; x_wconf 83' lang='lat' dir='ltr'>divinitus</span> <span class='ocrx_word' id='word_1_46' title='bbox 702 770 756 817; x_wconf 90' lang='lat' dir='ltr'>illis</span> 
     </span>
     <span class='ocr_line' id='line_1_8' title="bbox 127 857 741 923; baseline -0.005 -14"><span class='ocrx_word' id='word_1_47' title='bbox 127 861 260 923; x_wconf 85' lang='lat' dir='ltr'>ingenium</span> <span class='ocrx_word' id='word_1_48' title='bbox 274 866 318 907; x_wconf 88' lang='lat' dir='ltr'>aut</span> <span class='ocrx_word' id='word_1_49' title='bbox 330 873 415 906; x_wconf 86' lang='lat' dir='ltr'>rerum</span> <span class='ocrx_word' id='word_1_50' title='bbox 429 857 483 905; x_wconf 87' lang='lat' dir='ltr'>fato</span> <span class='ocrx_word' id='word_1_51' title='bbox 497 857 635 919; x_wconf 85' lang='lat' dir='ltr'>prudentia</span> <span class='ocrx_word' id='word_1_52' title='bbox 648 858 741 917; x_wconf 88' lang='lat' dir='ltr'>maior,</span> 
     </span>
     <span class='ocr_line' id='line_1_9' title="bbox 127 943 746 1008; baseline -0.005 -11"><span class='ocrx_word' id='word_1_53' title='bbox 127 964 215 997; x_wconf 89' lang='lat' dir='ltr'>verum</span> <span class='ocrx_word' id='word_1_54' title='bbox 228 948 271 995; x_wconf 94' lang='lat' dir='ltr'>ubi</span> <span class='ocrx_word' id='word_1_55' title='bbox 284 953 422 1008; x_wconf 81' lang='lat' dir='ltr'>tempestas</span> <span class='ocrx_word' id='word_1_56' title='bbox 435 952 460 994; x_wconf 91' lang='lat' dir='ltr'>et</span> <span class='ocrx_word' id='word_1_57' title='bbox 473 946 538 993; x_wconf 85' lang='lat' dir='ltr'>caeli</span> <span class='ocrx_word' id='word_1_58' title='bbox 552 943 656 993; x_wconf 87' lang='lat' dir='ltr'>mobilis</span> <span class='ocrx_word' id='word_1_59' title='bbox 669 961 746 994; x_wconf 89' lang='lat' dir='ltr'>umor</span> 
     </span>
     <span class='ocr_line' id='line_1_10' title="bbox 127 1031 699 1096; baseline -0.005 -11"><span class='ocrx_word' id='word_1_60' title='bbox 127 1031 258 1085; x_wconf 81' lang='lat' dir='ltr'>mutavere</span> <span class='ocrx_word' id='word_1_61' title='bbox 270 1033 323 1081; x_wconf 85' lang='lat' dir='ltr'>vias</span> <span class='ocrx_word' id='word_1_62' title='bbox 337 1042 362 1081; x_wconf 89' lang='lat' dir='ltr'>et</span> <span class='ocrx_word' id='word_1_63' title='bbox 374 1033 489 1096; x_wconf 86' lang='lat' dir='ltr'>luppiter</span> <span class='ocrx_word' id='word_1_64' title='bbox 501 1035 592 1082; x_wconf 88' lang='lat' dir='ltr'>uvidus</span> <span class='ocrx_word' id='word_1_65' title='bbox 606 1034 699 1082; x_wconf 84' lang='lat' dir='ltr'>austris</span> 
     </span>
     <span class='ocr_line' id='line_1_11' title="bbox 129 1122 847 1184; baseline -0.003 -12"><span class='ocrx_word' id='word_1_66' title='bbox 129 1125 218 1172; x_wconf 82' lang='lat' dir='ltr'>denset</span> <span class='ocrx_word' id='word_1_67' title='bbox 236 1129 309 1172; x_wconf 87' lang='lat' dir='ltr'>erant</span> <span class='ocrx_word' id='word_1_68' title='bbox 327 1137 393 1184; x_wconf 85' lang='lat' dir='ltr'>quae</span> <span class='ocrx_word' id='word_1_69' title='bbox 412 1137 471 1169; x_wconf 84' lang='lat' dir='ltr'>rara</span> <span class='ocrx_word' id='word_1_70' title='bbox 489 1122 568 1170; x_wconf 90' lang='lat' dir='ltr'>modo</span> <span class='ocrx_word' id='word_1_71' title='bbox 588 1129 614 1170; x_wconf 87' lang='lat' dir='ltr'>et</span> <span class='ocrx_word' id='word_1_72' title='bbox 632 1137 700 1184; x_wconf 88' lang='lat' dir='ltr'>quae</span> <span class='ocrx_word' id='word_1_73' title='bbox 720 1123 801 1172; x_wconf 88' lang='lat' dir='ltr'>densa</span> <span class='ocrx_word' id='word_1_74' title='bbox 817 1135 847 1170; x_wconf 80' lang='lat' dir='ltr'>re</span> 
     </span>
    </p>

    <p class='ocr_par' dir='ltr' id='par_1_4' title="bbox 430 1194 636 1269">
     <span class='ocr_line' id='line_1_12' title="bbox 430 1194 636 1269; baseline -0.01 -11"><span class='ocrx_word' id='word_1_75' title='bbox 430 1211 510 1269; x_wconf 86' lang='lat' dir='ltr'>laxat,</span> <span class='ocrx_word' id='word_1_76' title='bbox 629 1194 636 1208; x_wconf 68' lang='lat'>⁸</span> 
     </span>
    </p>

    <p class='ocr_par' dir='ltr' id='par_1_5' title="bbox 59 1299 788 1362">
     <span class='ocr_line' id='line_1_13' title="bbox 59 1299 788 1362; baseline 0.001 -14"><span class='ocrx_word' id='word_1_77' title='bbox 59 1307 110 1348; x_wconf 73' lang='lat'>420</span> <span class='ocrx_word' id='word_1_78' title='bbox 128 1307 260 1348; x_wconf 83' lang='lat' dir='ltr'>vertuntur</span> <span class='ocrx_word' id='word_1_79' title='bbox 273 1299 370 1362; x_wconf 86' lang='lat' dir='ltr'>species</span> <span class='ocrx_word' id='word_1_80' title='bbox 384 1299 530 1345; x_wconf 89' lang='lat' dir='ltr'>animorum</span> <span class='ocrx_word' id='word_1_81' title='bbox 543 1305 568 1346; x_wconf 87' lang='lat' dir='ltr'>et</span> <span class='ocrx_word' id='word_1_82' title='bbox 580 1305 686 1361; x_wconf 84' lang='lat' dir='ltr'>pectora</span> <span class='ocrx_word' id='word_1_83' title='bbox 701 1307 788 1349; x_wconf 88' lang='lat' dir='ltr'>motus</span> 
     </span>
    </p>

    <p class='ocr_par' dir='ltr' id='par_1_6' title="bbox 127 1387 763 1450">
     <span class='ocr_line' id='line_1_14' title="bbox 127 1387 763 1450; baseline 0.003 -15"><span class='ocrx_word' id='word_1_84' title='bbox 127 1402 196 1436; x_wconf 88' lang='lat' dir='ltr'>nune</span> <span class='ocrx_word' id='word_1_85' title='bbox 209 1389 283 1447; x_wconf 87' lang='lat' dir='ltr'>alios,</span> <span class='ocrx_word' id='word_1_86' title='bbox 300 1388 365 1436; x_wconf 88' lang='lat' dir='ltr'>alios</span> <span class='ocrx_word' id='word_1_87' title='bbox 379 1388 440 1435; x_wconf 91' lang='lat' dir='ltr'>dum</span> <span class='ocrx_word' id='word_1_88' title='bbox 453 1387 544 1435; x_wconf 85' lang='lat' dir='ltr'>nubila</span> <span class='ocrx_word' id='word_1_89' title='bbox 555 1394 645 1435; x_wconf 84' lang='lat' dir='ltr'>ventus</span> <span class='ocrx_word' id='word_1_90' title='bbox 659 1388 763 1450; x_wconf 76' lang='lat' dir='ltr'>egebat,</span> 
     </span>
    </p>
   </div>
   <div class='ocr_carea' id='block_1_3' title="bbox 129 1474 827 1717">
    <p class='ocr_par' dir='ltr' id='par_1_7' title="bbox 129 1474 827 1717">
     <span class='ocr_line' id='line_1_15' title="bbox 130 1474 802 1540; baseline 0.006 -17"><span class='ocrx_word' id='word_1_91' title='bbox 130 1476 293 1538; x_wconf 84' lang='lat' dir='ltr'>concipiunt:</span> <span class='ocrx_word' id='word_1_92' title='bbox 309 1476 369 1523; x_wconf 89' lang='lat' dir='ltr'>hinc</span> <span class='ocrx_word' id='word_1_93' title='bbox 382 1474 426 1522; x_wconf 92' lang='lat' dir='ltr'>ille</span> <span class='ocrx_word' id='word_1_94' title='bbox 440 1476 525 1523; x_wconf 87' lang='lat' dir='ltr'>avium</span> <span class='ocrx_word' id='word_1_95' title='bbox 538 1483 678 1525; x_wconf 84' lang='lat' dir='ltr'>concentus</span> <span class='ocrx_word' id='word_1_96' title='bbox 691 1477 719 1524; x_wconf 92' lang='lat' dir='ltr'>in</span> <span class='ocrx_word' id='word_1_97' title='bbox 733 1479 802 1540; x_wconf 86' lang='lat' dir='ltr'>agris</span> 
     </span>
     <span class='ocr_line' id='line_1_16' title="bbox 129 1564 739 1626; baseline 0 -14"><span class='ocrx_word' id='word_1_98' title='bbox 129 1572 155 1612; x_wconf 90' lang='lat' dir='ltr'>et</span> <span class='ocrx_word' id='word_1_99' title='bbox 167 1565 249 1612; x_wconf 90' lang='lat' dir='ltr'>laetae</span> <span class='ocrx_word' id='word_1_100' title='bbox 263 1564 374 1626; x_wconf 89' lang='lat' dir='ltr'>pecudes</span> <span class='ocrx_word' id='word_1_101' title='bbox 388 1570 413 1611; x_wconf 88' lang='lat' dir='ltr'>et</span> <span class='ocrx_word' id='word_1_102' title='bbox 426 1570 531 1612; x_wconf 87' lang='lat' dir='ltr'>ovantes</span> <span class='ocrx_word' id='word_1_103' title='bbox 543 1570 646 1626; x_wconf 87' lang='lat' dir='ltr'>gutture</span> <span class='ocrx_word' id='word_1_104' title='bbox 660 1565 739 1612; x_wconf 85' lang='lat' dir='ltr'>corvi.</span> 
     </span>
     <span class='ocr_line' id='line_1_17' title="bbox 166 1649 827 1717; baseline 0.003 -17"><span class='ocrx_word' id='word_1_105' title='bbox 166 1649 193 1700; x_wconf 89' lang='lat' dir='ltr'>Si</span> <span class='ocrx_word' id='word_1_106' title='bbox 206 1666 266 1700; x_wconf 85' lang='lat' dir='ltr'>vero</span> <span class='ocrx_word' id='word_1_107' title='bbox 279 1653 361 1700; x_wconf 88' lang='lat' dir='ltr'>solem</span> <span class='ocrx_word' id='word_1_108' title='bbox 374 1652 406 1700; x_wconf 87' lang='lat' dir='ltr'>ad</span> <span class='ocrx_word' id='word_1_109' title='bbox 420 1652 540 1714; x_wconf 85' lang='lat' dir='ltr'>rapidum</span> <span class='ocrx_word' id='word_1_110' title='bbox 553 1653 680 1715; x_wconf 87' lang='lat' dir='ltr'>lunasque</span> <span class='ocrx_word' id='word_1_111' title='bbox 693 1662 827 1717; x_wconf 83' lang='lat' dir='ltr'>sequentes</span> 
     </span>
    </p>
   </div>
   <div class='ocr_carea' id='block_1_4' title="bbox 54 1740 815 2690">
    <p class='ocr_par' dir='ltr' id='par_1_8' title="bbox 59 1740 815 2158">
     <span class='ocr_line' id='line_1_18' title="bbox 59 1740 771 1804; baseline 0.007 -17"><span class='ocrx_word' id='word_1_112' title='bbox 59 1746 109 1788; x_wconf 74' lang='lat'>425</span> <span class='ocrx_word' id='word_1_113' title='bbox 130 1740 220 1789; x_wconf 86' lang='lat' dir='ltr'>ordine</span> <span class='ocrx_word' id='word_1_114' title='bbox 233 1742 363 1803; x_wconf 87' lang='lat' dir='ltr'>respicies,</span> <span class='ocrx_word' id='word_1_115' title='bbox 378 1757 520 1804; x_wconf 85' lang='lat' dir='ltr'>numquam</span> <span class='ocrx_word' id='word_1_116' title='bbox 532 1749 557 1790; x_wconf 88' lang='lat' dir='ltr'>te</span> <span class='ocrx_word' id='word_1_117' title='bbox 571 1741 683 1790; x_wconf 85' lang='lat' dir='ltr'>crastina</span> <span class='ocrx_word' id='word_1_118' title='bbox 696 1742 771 1792; x_wconf 80' lang='lat' dir='ltr'>fallet</span> 
     </span>
     <span class='ocr_line' id='line_1_19' title="bbox 130 1829 745 1893; baseline 0.003 -17"><span class='ocrx_word' id='word_1_119' title='bbox 130 1829 195 1877; x_wconf 81' lang='lat' dir='ltr'>hora</span> <span class='ocrx_word' id='word_1_120' title='bbox 207 1844 291 1893; x_wconf 90' lang='lat' dir='ltr'>neque</span> <span class='ocrx_word' id='word_1_121' title='bbox 303 1831 404 1878; x_wconf 88' lang='lat' dir='ltr'>insidiis</span> <span class='ocrx_word' id='word_1_122' title='bbox 418 1831 502 1878; x_wconf 89' lang='lat' dir='ltr'>noctis</span> <span class='ocrx_word' id='word_1_123' title='bbox 516 1830 616 1893; x_wconf 84' lang='lat' dir='ltr'>capiere</span> <span class='ocrx_word' id='word_1_124' title='bbox 629 1844 745 1880; x_wconf 77' lang='lat' dir='ltr'>serenae,</span> 
     </span>
     <span class='ocr_line' id='line_1_20' title="bbox 130 1918 774 1981; baseline 0.005 -16"><span class='ocrx_word' id='word_1_125' title='bbox 130 1919 201 1977; x_wconf 81' lang='lat' dir='ltr'>luna,</span> <span class='ocrx_word' id='word_1_126' title='bbox 217 1926 370 1966; x_wconf 89' lang='lat' dir='ltr'>revertentes</span> <span class='ocrx_word' id='word_1_127' title='bbox 385 1933 444 1966; x_wconf 91' lang='lat' dir='ltr'>cum</span> <span class='ocrx_word' id='word_1_128' title='bbox 457 1919 568 1980; x_wconf 84' lang='lat' dir='ltr'>primum</span> <span class='ocrx_word' id='word_1_129' title='bbox 581 1918 683 1979; x_wconf 86' lang='lat' dir='ltr'>colligit</span> <span class='ocrx_word' id='word_1_130' title='bbox 695 1919 774 1981; x_wconf 89' lang='lat' dir='ltr'>ignis,</span> 
     </span>
     <span class='ocr_line' id='line_1_21' title="bbox 130 2005 763 2068; baseline 0.002 -14"><span class='ocrx_word' id='word_1_131' title='bbox 130 2007 151 2054; x_wconf 92' lang='lat' dir='ltr'>si</span> <span class='ocrx_word' id='word_1_132' title='bbox 165 2005 268 2066; x_wconf 87' lang='lat' dir='ltr'>nigrum</span> <span class='ocrx_word' id='word_1_133' title='bbox 281 2005 390 2052; x_wconf 86' lang='lat' dir='ltr'>obscuro</span> <span class='ocrx_word' id='word_1_134' title='bbox 404 2006 586 2067; x_wconf 84' lang='lat' dir='ltr'>conprenderit</span> <span class='ocrx_word' id='word_1_135' title='bbox 599 2021 659 2054; x_wconf 85' lang='lat' dir='ltr'>aera</span> <span class='ocrx_word' id='word_1_136' title='bbox 672 2022 763 2068; x_wconf 89' lang='lat' dir='ltr'>cornu,</span> 
     </span>
     <span class='ocr_line' id='line_1_22' title="bbox 129 2093 815 2158; baseline 0.001 -15"><span class='ocrx_word' id='word_1_137' title='bbox 129 2109 266 2143; x_wconf 85' lang='lat' dir='ltr'>maxumus</span> <span class='ocrx_word' id='word_1_138' title='bbox 280 2093 401 2156; x_wconf 82' lang='lat' dir='ltr'>agricolis</span> <span class='ocrx_word' id='word_1_139' title='bbox 415 2094 560 2158; x_wconf 84' lang='lat' dir='ltr'>pelagoque</span> <span class='ocrx_word' id='word_1_140' title='bbox 573 2094 707 2157; x_wconf 86' lang='lat' dir='ltr'>parabitur</span> <span class='ocrx_word' id='word_1_141' title='bbox 718 2096 815 2147; x_wconf 85' lang='lat' dir='ltr'>imber:</span> 
     </span>
    </p>

    <p class='ocr_par' dir='ltr' id='par_1_9' title="bbox 59 2183 806 2600">
     <span class='ocr_line' id='line_1_23' title="bbox 59 2183 696 2245; baseline 0.006 -18"><span class='ocrx_word' id='word_1_142' title='bbox 59 2187 111 2229; x_wconf 81' lang='lat'>430</span> <span class='ocrx_word' id='word_1_143' title='bbox 131 2191 157 2231; x_wconf 85' lang='lat' dir='ltr'>at</span> <span class='ocrx_word' id='word_1_144' title='bbox 169 2183 190 2231; x_wconf 90' lang='lat' dir='ltr'>si</span> <span class='ocrx_word' id='word_1_145' title='bbox 203 2183 348 2245; x_wconf 85' lang='lat' dir='ltr'>virgineum</span> <span class='ocrx_word' id='word_1_146' title='bbox 360 2183 496 2231; x_wconf 87' lang='lat' dir='ltr'>suffuderit</span> <span class='ocrx_word' id='word_1_147' title='bbox 508 2199 553 2232; x_wconf 91' lang='lat' dir='ltr'>ore</span> <span class='ocrx_word' id='word_1_148' title='bbox 566 2183 696 2242; x_wconf 88' lang='lat' dir='ltr'>ruborem,</span> 
     </span>
     <span class='ocr_line' id='line_1_24' title="bbox 129 2271 804 2334; baseline 0.004 -15"><span class='ocrx_word' id='word_1_149' title='bbox 129 2279 219 2320; x_wconf 82' lang='lat' dir='ltr'>ventus</span> <span class='ocrx_word' id='word_1_150' title='bbox 233 2272 296 2332; x_wconf 81' lang='lat' dir='ltr'>erit3</span> <span class='ocrx_word' id='word_1_151' title='bbox 310 2280 386 2320; x_wconf 87' lang='lat' dir='ltr'>vento</span> <span class='ocrx_word' id='word_1_152' title='bbox 399 2287 500 2334; x_wconf 89' lang='lat' dir='ltr'>semper</span> <span class='ocrx_word' id='word_1_153' title='bbox 512 2272 586 2320; x_wconf 83' lang='lat' dir='ltr'>rubet</span> <span class='ocrx_word' id='word_1_154' title='bbox 599 2287 678 2320; x_wconf 83' lang='lat' dir='ltr'>aurea</span> <span class='ocrx_word' id='word_1_155' title='bbox 690 2271 804 2326; x_wconf 83' lang='lat' dir='ltr'>Phoebe.</span> 
     </span>
     <span class='ocr_line' id='line_1_25' title="bbox 131 2359 806 2426; baseline 0.003 -17"><span class='ocrx_word' id='word_1_156' title='bbox 131 2362 171 2409; x_wconf 90' lang='lat' dir='ltr'>siu</span> <span class='ocrx_word' id='word_1_157' title='bbox 185 2367 243 2408; x_wconf 84' lang='lat' dir='ltr'>ortu</span> <span class='ocrx_word' id='word_1_158' title='bbox 257 2368 348 2422; x_wconf 85' lang='lat' dir='ltr'>quarto</span> <span class='ocrx_word' id='word_1_159' title='bbox 362 2359 486 2423; x_wconf 86' lang='lat' dir='ltr'>(numque</span> <span class='ocrx_word' id='word_1_160' title='bbox 498 2362 519 2408; x_wconf 90' lang='lat' dir='ltr'>is</span> <span class='ocrx_word' id='word_1_161' title='bbox 533 2361 689 2409; x_wconf 87' lang='lat' dir='ltr'>certissimus</span> <span class='ocrx_word' id='word_1_162' title='bbox 702 2362 806 2426; x_wconf 80' lang='lat' dir='ltr'>auctor)</span> 
     </span>
     <span class='ocr_line' id='line_1_26' title="bbox 130 2448 797 2512; baseline 0.006 -16"><span class='ocrx_word' id='word_1_163' title='bbox 130 2464 196 2512; x_wconf 88' lang='lat' dir='ltr'>pura</span> <span class='ocrx_word' id='word_1_164' title='bbox 208 2462 292 2510; x_wconf 91' lang='lat' dir='ltr'>neque</span> <span class='ocrx_word' id='word_1_165' title='bbox 305 2448 421 2497; x_wconf 89' lang='lat' dir='ltr'>obtunsis</span> <span class='ocrx_word' id='word_1_166' title='bbox 434 2464 481 2512; x_wconf 89' lang='lat' dir='ltr'>per</span> <span class='ocrx_word' id='word_1_167' title='bbox 492 2450 594 2498; x_wconf 82' lang='lat' dir='ltr'>caelum</span> <span class='ocrx_word' id='word_1_168' title='bbox 607 2449 728 2498; x_wconf 87' lang='lat' dir='ltr'>cornibus</span> <span class='ocrx_word' id='word_1_169' title='bbox 741 2451 797 2512; x_wconf 86' lang='lat' dir='ltr'>ibit,</span> 
     </span>
     <span class='ocr_line' id='line_1_27' title="bbox 130 2535 715 2600; baseline 0.002 -15"><span class='ocrx_word' id='word_1_170' title='bbox 130 2543 199 2585; x_wconf 86' lang='lat' dir='ltr'>totus</span> <span class='ocrx_word' id='word_1_171' title='bbox 211 2543 237 2584; x_wconf 86' lang='lat' dir='ltr'>et</span> <span class='ocrx_word' id='word_1_172' title='bbox 248 2535 295 2584; x_wconf 89' lang='lat' dir='ltr'>ille</span> <span class='ocrx_word' id='word_1_173' title='bbox 308 2536 362 2584; x_wconf 89' lang='lat' dir='ltr'>dies</span> <span class='ocrx_word' id='word_1_174' title='bbox 375 2544 401 2586; x_wconf 88' lang='lat' dir='ltr'>et</span> <span class='ocrx_word' id='word_1_175' title='bbox 413 2538 457 2600; x_wconf 93' lang='lat' dir='ltr'>qui</span> <span class='ocrx_word' id='word_1_176' title='bbox 470 2545 609 2587; x_wconf 86' lang='lat' dir='ltr'>nascentur</span> <span class='ocrx_word' id='word_1_177' title='bbox 622 2537 653 2586; x_wconf 86' lang='lat' dir='ltr'>ab</span> <span class='ocrx_word' id='word_1_178' title='bbox 667 2538 715 2587; x_wconf 92' lang='lat' dir='ltr'>illo</span> 
     </span>
    </p>

    <p class='ocr_par' dir='ltr' id='par_1_10' title="bbox 54 2616 815 2690">
     <span class='ocr_line' id='line_1_28' title="bbox 54 2616 815 2690; baseline 0.009 -20"><span class='ocrx_word' id='word_1_179' title='bbox 54 2616 111 2670; x_wconf 75' lang='lat'>⁴¹³5</span> <span class='ocrx_word' id='word_1_180' title='bbox 131 2631 251 2679; x_wconf 81' lang='lat' dir='ltr'>exactum</span> <span class='ocrx_word' id='word_1_181' title='bbox 263 2623 296 2673; x_wconf 77' lang='lat' dir='ltr'>ed</span> <span class='ocrx_word' id='word_1_182' title='bbox 309 2639 424 2673; x_wconf 89' lang='lat' dir='ltr'>mensem</span> <span class='ocrx_word' id='word_1_183' title='bbox 436 2626 524 2688; x_wconf 85' lang='lat' dir='ltr'>pluvia</span> <span class='ocrx_word' id='word_1_184' title='bbox 535 2628 669 2690; x_wconf 86' lang='lat' dir='ltr'>ventisque</span> <span class='ocrx_word' id='word_1_185' title='bbox 681 2627 815 2689; x_wconf 83' lang='lat' dir='ltr'>carebunt,</span> 
     </span>
    </p>
   </div>
   <div class='ocr_carea' id='block_1_5' title="bbox 0 0 912 2956">
    <p class='ocr_par' dir='ltr' id='par_1_11' title="bbox 0 0 912 2956">
     <span class='ocr_line' id='line_1_29' title="bbox 0 0 912 2956; baseline 0 0"><span class='ocrx_word' id='word_1_186' title='bbox 0 0 912 2956; x_wconf 95' lang='lat' dir='ltr'> </span> 
     </span>
    </p>
   </div>
  </div>
 </body>
</html>
