<?xml version="1.0" encoding="UTF-8"?>
<!DOCTYPE html PUBLIC "-//W3C//DTD XHTML 1.0 Transitional//EN"
    "http://www.w3.org/TR/xhtml1/DTD/xhtml1-transitional.dtd">
<html xmlns="http://www.w3.org/1999/xhtml" xml:lang="en" lang="en">
 <head>
  <title>
</title>
<meta http-equiv="Content-Type" content="text/html;charset=utf-8" />
  <meta name='ocr-system' content='tesseract 3.04.00' />
  <meta name='ocr-capabilities' content='ocr_page ocr_carea ocr_par ocr_line ocrx_word'/>
</head>
<body>
  <div class='ocr_page' id='page_1' title='image "./pvergiliusmaro00virggoog/pvergiliusmaro00virggoog_0551.png"; bbox 0 0 1808 2956; ppageno 0'>
   <div class='ocr_carea' id='block_1_1' title="bbox 62 168 504 219">
    <p class='ocr_par' dir='ltr' id='par_1_1' title="bbox 62 168 504 219">
     <span class='ocr_line' id='line_1_1' title="bbox 62 168 504 219; baseline 0.005 -3"><span class='ocrx_word' id='word_1_1' title='bbox 62 168 121 217; x_wconf 79' lang='lat'><strong>568</strong></span> <span class='ocrx_word' id='word_1_2' title='bbox 419 180 504 219; x_wconf 78' lang='lat' dir='ltr'><strong>onus</strong></span> 
     </span>
    </p>
   </div>
   <div class='ocr_carea' id='block_1_2' title="bbox 59 336 856 1995">
    <p class='ocr_par' dir='ltr' id='par_1_2' title="bbox 130 336 828 489">
     <span class='ocr_line' id='line_1_2' title="bbox 130 336 828 400; baseline 0.003 -16"><span class='ocrx_word' id='word_1_3' title='bbox 130 338 174 385; x_wconf 92' lang='lat' dir='ltr'><strong>ille</strong></span> <span class='ocrx_word' id='word_1_4' title='bbox 187 336 290 385; x_wconf 81' lang='lat' dir='ltr'><strong>Arabae</strong></span> <span class='ocrx_word' id='word_1_5' title='bbox 303 336 423 398; x_wconf 83' lang='lat' dir='ltr'><strong>Myrrhae</strong></span> <span class='ocrx_word' id='word_1_6' title='bbox 438 338 569 398; x_wconf 88' lang='lat' dir='ltr'><strong>quondam</strong></span> <span class='ocrx_word' id='word_1_7' title='bbox 583 338 627 399; x_wconf 89' lang='lat' dir='ltr'><strong>qni</strong></span> <span class='ocrx_word' id='word_1_8' title='bbox 642 338 711 400; x_wconf 88' lang='lat' dir='ltr'><strong>cepit</strong></span> <span class='ocrx_word' id='word_1_9' title='bbox 724 340 828 397; x_wconf 84' lang='lat' dir='ltr'>ocellos,</span> 
     </span>
     <span class='ocr_line' id='line_1_3' title="bbox 130 425 783 489; baseline 0.005 -16"><span class='ocrx_word' id='word_1_10' title='bbox 130 433 159 473; x_wconf 91' lang='lat' dir='ltr'><strong>ut</strong></span> <span class='ocrx_word' id='word_1_11' title='bbox 171 427 267 474; x_wconf 88' lang='lat' dir='ltr'><strong>scelere</strong></span> <span class='ocrx_word' id='word_1_12' title='bbox 281 426 387 473; x_wconf 85' lang='lat' dir='ltr'><strong>infando</strong></span> <span class='ocrx_word' id='word_1_13' title='bbox 401 425 483 487; x_wconf 87' lang='lat' dir='ltr'><strong>(quod</strong></span> <span class='ocrx_word' id='word_1_14' title='bbox 498 436 545 473; x_wconf 83' lang='lat' dir='ltr'><strong>ne&#39;c</strong></span> <span class='ocrx_word' id='word_1_15' title='bbox 558 427 627 474; x_wconf 89' lang='lat' dir='ltr'><strong>sinat</strong></span> <span class='ocrx_word' id='word_1_16' title='bbox 640 427 783 489; x_wconf 83' lang='lat' dir='ltr'><strong>Adrastea)</strong></span> 
     </span>
    </p>

    <p class='ocr_par' dir='ltr' id='par_1_3' title="bbox 59 515 825 930">
     <span class='ocr_line' id='line_1_4' title="bbox 59 515 825 577; baseline 0.001 -16"><span class='ocrx_word' id='word_1_17' title='bbox 59 518 110 561; x_wconf 79' lang='lat'><strong>240</strong></span> <span class='ocrx_word' id='word_1_18' title='bbox 130 515 231 563; x_wconf 83' lang='lat' dir='ltr'><strong>laedere</strong></span> <span class='ocrx_word' id='word_1_19' title='bbox 245 523 381 576; x_wconf 89' lang='lat' dir='ltr'><strong>utrumque</strong></span> <span class='ocrx_word' id='word_1_20' title='bbox 395 529 446 560; x_wconf 90' lang='lat' dir='ltr'><strong>uno</strong></span> <span class='ocrx_word' id='word_1_21' title='bbox 460 515 567 575; x_wconf 85' lang='lat' dir='ltr'><strong>studeas</strong></span> <span class='ocrx_word' id='word_1_22' title='bbox 577 529 662 562; x_wconf 86' lang='lat' dir='ltr'><strong>errore</strong></span> <span class='ocrx_word' id='word_1_23' title='bbox 675 517 825 577; x_wconf 86' lang='lat' dir='ltr'><strong>parentem!</strong></span> 
     </span>
     <span class='ocr_line' id='line_1_5' title="bbox 130 603 719 666; baseline 0.002 -16"><span class='ocrx_word' id='word_1_24' title='bbox 130 605 199 666; x_wconf 88' lang='lat' dir='ltr'><strong>quod</strong></span> <span class='ocrx_word' id='word_1_25' title='bbox 214 604 233 651; x_wconf 93' lang='lat' dir='ltr'><strong>si</strong></span> <span class='ocrx_word' id='word_1_26' title='bbox 249 605 301 651; x_wconf 89' lang='lat' dir='ltr'><strong>alio</strong></span> <span class='ocrx_word' id='word_1_27' title='bbox 315 603 405 664; x_wconf 90' lang='lat' dir='ltr'><strong>quovis</strong></span> <span class='ocrx_word' id='word_1_28' title='bbox 419 603 498 648; x_wconf 88' lang='lat' dir='ltr'><strong>animi</strong></span> <span class='ocrx_word' id='word_1_29' title='bbox 512 603 616 651; x_wconf 88' lang='lat' dir='ltr'><strong>iactaris</strong></span> <span class='ocrx_word' id='word_1_30' title='bbox 630 618 719 651; x_wconf 91' lang='lat' dir='ltr'><strong>amore</strong></span> 
     </span>
     <span class='ocr_line' id='line_1_6' title="bbox 130 691 736 754; baseline 0 -15"><span class='ocrx_word' id='word_1_31' title='bbox 130 691 203 754; x_wconf 85' lang='lat' dir='ltr'><strong>(narn</strong></span> <span class='ocrx_word' id='word_1_32' title='bbox 216 700 241 740; x_wconf 90' lang='lat' dir='ltr'><strong>te</strong></span> <span class='ocrx_word' id='word_1_33' title='bbox 254 691 353 748; x_wconf 86' lang='lat' dir='ltr'><strong>iactari,</strong></span> <span class='ocrx_word' id='word_1_34' title='bbox 369 705 421 737; x_wconf 93' lang='lat' dir='ltr'><strong>non</strong></span> <span class='ocrx_word' id='word_1_35' title='bbox 436 699 473 738; x_wconf 88' lang='lat' dir='ltr'><strong>est</strong></span> <span class='ocrx_word' id='word_1_36' title='bbox 486 692 640 740; x_wconf 79' lang='lat' dir='ltr'><strong>Amathusia</strong></span> <span class='ocrx_word' id='word_1_37' title='bbox 654 693 736 739; x_wconf 84' lang='lat' dir='ltr'>nostri</span> 
     </span>
     <span class='ocr_line' id='line_1_7' title="bbox 130 779 789 843; baseline 0.002 -15"><span class='ocrx_word' id='word_1_38' title='bbox 130 787 182 828; x_wconf 86' lang='lat' dir='ltr'><strong>tarn</strong></span> <span class='ocrx_word' id='word_1_39' title='bbox 196 781 266 827; x_wconf 89' lang='lat' dir='ltr'><strong>rudis</strong></span> <span class='ocrx_word' id='word_1_40' title='bbox 280 787 308 826; x_wconf 89' lang='lat' dir='ltr'><strong>ut</strong></span> <span class='ocrx_word' id='word_1_41' title='bbox 320 781 393 827; x_wconf 86' lang='lat' dir='ltr'><strong>nullo</strong></span> <span class='ocrx_word' id='word_1_42' title='bbox 407 779 503 841; x_wconf 89' lang='lat' dir='ltr'><strong>possim</strong></span> <span class='ocrx_word' id='word_1_43' title='bbox 517 794 675 841; x_wconf 81' lang='lat' dir='ltr'><strong>cognoscere</strong></span> <span class='ocrx_word' id='word_1_44' title='bbox 689 782 789 843; x_wconf 80' lang='lat' dir='ltr'><strong>signo),</strong></span> 
     </span>
     <span class='ocr_line' id='line_1_8' title="bbox 130 869 710 930; baseline 0.002 -14"><span class='ocrx_word' id='word_1_45' title='bbox 130 869 151 916; x_wconf 88' lang='lat' dir='ltr'><strong>si</strong></span> <span class='ocrx_word' id='word_1_46' title='bbox 165 883 301 916; x_wconf 85' lang='lat' dir='ltr'><strong>concessus</strong></span> <span class='ocrx_word' id='word_1_47' title='bbox 315 883 388 916; x_wconf 89' lang='lat' dir='ltr'><strong>amor</strong></span> <span class='ocrx_word' id='word_1_48' title='bbox 401 875 462 915; x_wconf 89' lang='lat' dir='ltr'><strong>noto</strong></span> <span class='ocrx_word' id='word_1_49' title='bbox 476 879 500 916; x_wconf 88' lang='lat' dir='ltr'><strong>te</strong></span> <span class='ocrx_word' id='word_1_50' title='bbox 513 876 627 916; x_wconf 84' lang='lat' dir='ltr'><strong>macerat</strong></span> <span class='ocrx_word' id='word_1_51' title='bbox 640 870 710 930; x_wconf 85' lang='lat' dir='ltr'><strong>igne,</strong></span> 
     </span>
    </p>

    <p class='ocr_par' dir='ltr' id='par_1_4' title="bbox 60 957 834 1374">
     <span class='ocr_line' id='line_1_9' title="bbox 60 957 751 1020; baseline 0.004 -16"><span class='ocrx_word' id='word_1_52' title='bbox 60 963 109 1005; x_wconf 83' lang='lat'><strong>245</strong></span> <span class='ocrx_word' id='word_1_53' title='bbox 130 973 175 1020; x_wconf 91' lang='lat' dir='ltr'><strong>per</strong></span> <span class='ocrx_word' id='word_1_54' title='bbox 188 957 233 1004; x_wconf 90' lang='lat' dir='ltr'><strong>tibi</strong></span> <span class='ocrx_word' id='word_1_55' title='bbox 247 958 392 1019; x_wconf 81' lang='lat' dir='ltr'><strong>Dictynnae</strong></span> <span class='ocrx_word' id='word_1_56' title='bbox 405 957 551 1020; x_wconf 84' lang='lat' dir='ltr'><strong>praesentia</strong></span> <span class='ocrx_word' id='word_1_57' title='bbox 564 959 671 1007; x_wconf 87' lang='lat' dir='ltr'><strong>numina</strong></span> <span class='ocrx_word' id='word_1_58' title='bbox 684 959 751 1016; x_wconf 83' lang='lat' dir='ltr'><strong>iura,</strong></span> 
     </span>
     <span class='ocr_line' id='line_1_10' title="bbox 130 1046 834 1109; baseline 0.004 -16"><span class='ocrx_word' id='word_1_59' title='bbox 130 1047 214 1109; x_wconf 88' lang='lat' dir='ltr'><strong>prima</strong></span> <span class='ocrx_word' id='word_1_60' title='bbox 227 1047 303 1094; x_wconf 74' lang='lat' dir='ltr'><strong>(lectis</strong></span> <span class='ocrx_word' id='word_1_61' title='bbox 318 1060 384 1107; x_wconf 67' lang='lat' dir='ltr'><strong>(luae</strong></span> <span class='ocrx_word' id='word_1_62' title='bbox 398 1047 472 1093; x_wconf 87' lang='lat' dir='ltr'><strong>dulce</strong></span> <span class='ocrx_word' id='word_1_63' title='bbox 485 1046 548 1093; x_wconf 90' lang='lat' dir='ltr'><strong>mihi</strong></span> <span class='ocrx_word' id='word_1_64' title='bbox 562 1054 586 1094; x_wconf 91' lang='lat' dir='ltr'><strong>te</strong></span> <span class='ocrx_word' id='word_1_65' title='bbox 600 1047 680 1095; x_wconf 86' lang='lat' dir='ltr'><strong>donat</strong></span> <span class='ocrx_word' id='word_1_66' title='bbox 693 1049 834 1106; x_wconf 86' lang='lat' dir='ltr'><strong>alumnam,</strong></span> 
     </span>
     <span class='ocr_line' id='line_1_11' title="bbox 131 1134 808 1196; baseline 0.006 -15"><span class='ocrx_word' id='word_1_67' title='bbox 131 1134 218 1181; x_wconf 84' lang='lat' dir='ltr'><strong>omnia</strong></span> <span class='ocrx_word' id='word_1_68' title='bbox 231 1150 272 1182; x_wconf 87' lang='lat' dir='ltr'><strong>mc</strong></span> <span class='ocrx_word' id='word_1_69' title='bbox 285 1135 370 1196; x_wconf 90' lang='lat' dir='ltr'><strong>potius</strong></span> <span class='ocrx_word' id='word_1_70' title='bbox 384 1135 463 1195; x_wconf 79' lang='lat' dir='ltr'><strong>digna</strong></span> <span class='ocrx_word' id='word_1_71' title='bbox 476 1142 553 1196; x_wconf 87' lang='lat' dir='ltr'><strong>atquc</strong></span> <span class='ocrx_word' id='word_1_72' title='bbox 566 1135 674 1196; x_wconf 85' lang='lat' dir='ltr'><strong>indigna</strong></span> <span class='ocrx_word' id='word_1_73' title='bbox 688 1137 808 1185; x_wconf 87' lang='lat' dir='ltr'><strong>laborum</strong></span> 
     </span>
     <span class='ocr_line' id='line_1_12' title="bbox 130 1223 719 1284; baseline 0.003 -14"><span class='ocrx_word' id='word_1_74' title='bbox 130 1223 203 1270; x_wconf 89' lang='lat' dir='ltr'><strong>milia</strong></span> <span class='ocrx_word' id='word_1_75' title='bbox 216 1223 327 1269; x_wconf 81' lang='lat' dir='ltr'><strong>visuram</strong></span> <span class='ocrx_word' id='word_1_76' title='bbox 341 1238 418 1284; x_wconf 87' lang='lat' dir='ltr'><strong>qnam</strong></span> <span class='ocrx_word' id='word_1_77' title='bbox 432 1231 456 1270; x_wconf 89' lang='lat' dir='ltr'><strong>te</strong></span> <span class='ocrx_word' id='word_1_78' title='bbox 469 1229 522 1270; x_wconf 84' lang='lat' dir='ltr'><strong>tam</strong></span> <span class='ocrx_word' id='word_1_79' title='bbox 536 1224 650 1271; x_wconf 88' lang='lat' dir='ltr'><strong>tristibus</strong></span> <span class='ocrx_word' id='word_1_80' title='bbox 664 1225 719 1273; x_wconf 82' lang='lat' dir='ltr'><strong>istis</strong></span> 
     </span>
     <span class='ocr_line' id='line_1_13' title="bbox 130 1309 690 1374; baseline 0.004 -16"><span class='ocrx_word' id='word_1_81' title='bbox 130 1310 249 1358; x_wconf 85' lang='lat' dir='ltr'><strong>sordibus</strong></span> <span class='ocrx_word' id='word_1_82' title='bbox 263 1319 287 1358; x_wconf 90' lang='lat' dir='ltr'><strong>et</strong></span> <span class='ocrx_word' id='word_1_83' title='bbox 299 1311 371 1358; x_wconf 89' lang='lat' dir='ltr'><strong>senio</strong></span> <span class='ocrx_word' id='word_1_84' title='bbox 385 1312 468 1374; x_wconf 83' lang='lat' dir='ltr'><strong>patiar</strong></span> <span class='ocrx_word' id='word_1_85' title='bbox 482 1312 612 1360; x_wconf 82' lang='lat' dir='ltr'><strong>tabescere</strong></span> <span class='ocrx_word' id='word_1_86' title='bbox 625 1309 690 1360; x_wconf 88' lang='lat' dir='ltr'><strong>tali.&#39;</strong></span> 
     </span>
    </p>

    <p class='ocr_par' dir='ltr' id='par_1_5' title="bbox 60 1398 819 1818">
     <span class='ocr_line' id='line_1_14' title="bbox 60 1398 819 1462; baseline 0.008 -17"><span class='ocrx_word' id='word_1_87' title='bbox 60 1404 111 1447; x_wconf 79' lang='lat'><strong>250</strong></span> <span class='ocrx_word' id='word_1_88' title='bbox 166 1398 236 1446; x_wconf 83' lang='lat' dir='ltr'><strong>Haec</strong></span> <span class='ocrx_word' id='word_1_89' title='bbox 251 1400 373 1460; x_wconf 88' lang='lat' dir='ltr'><strong>loquitur,</strong></span> <span class='ocrx_word' id='word_1_90' title='bbox 388 1400 513 1462; x_wconf 86' lang='lat' dir='ltr'><strong>mollique</strong></span> <span class='ocrx_word' id='word_1_91' title='bbox 527 1407 554 1448; x_wconf 90' lang='lat' dir='ltr'><strong>ut</strong></span> <span class='ocrx_word' id='word_1_92' title='bbox 567 1415 594 1449; x_wconf 92' lang='lat' dir='ltr'><strong>se</strong></span> <span class='ocrx_word' id='word_1_93' title='bbox 607 1403 700 1449; x_wconf 87' lang='lat' dir='ltr'><strong>velavit</strong></span> <span class='ocrx_word' id='word_1_94' title='bbox 713 1405 819 1462; x_wconf 82' lang='lat' dir='ltr'><strong>amictu,</strong></span> 
     </span>
     <span class='ocr_line' id='line_1_15' title="bbox 130 1488 762 1553; baseline 0.006 -18"><span class='ocrx_word' id='word_1_95' title='bbox 130 1488 280 1550; x_wconf 79' lang='lat' dir='ltr'><strong>frigidulam</strong></span> <span class='ocrx_word' id='word_1_96' title='bbox 293 1489 388 1536; x_wconf 85' lang='lat' dir='ltr'><strong>iniecta</strong></span> <span class='ocrx_word' id='word_1_97' title='bbox 401 1489 543 1537; x_wconf 86' lang='lat' dir='ltr'><strong>circumdat</strong></span> <span class='ocrx_word' id='word_1_98' title='bbox 555 1498 622 1538; x_wconf 87' lang='lat' dir='ltr'><strong>veste</strong></span> <span class='ocrx_word' id='word_1_99' title='bbox 636 1491 762 1553; x_wconf 85' lang='lat' dir='ltr'><strong>puellam,</strong></span> 
     </span>
     <span class='ocr_line' id='line_1_16' title="bbox 133 1577 795 1640; baseline 0.006 -15"><span class='ocrx_word' id='word_1_100' title='bbox 133 1592 198 1639; x_wconf 86' lang='lat' dir='ltr'><strong>quae</strong></span> <span class='ocrx_word' id='word_1_101' title='bbox 213 1578 282 1640; x_wconf 88' lang='lat' dir='ltr'><strong>prius</strong></span> <span class='ocrx_word' id='word_1_102' title='bbox 296 1577 322 1624; x_wconf 91' lang='lat' dir='ltr'><strong>in</strong></span> <span class='ocrx_word' id='word_1_103' title='bbox 336 1577 405 1625; x_wconf 88' lang='lat' dir='ltr'><strong>tenui</strong></span> <span class='ocrx_word' id='word_1_104' title='bbox 419 1585 523 1626; x_wconf 88' lang='lat' dir='ltr'><strong>steterat</strong></span> <span class='ocrx_word' id='word_1_105' title='bbox 536 1579 667 1626; x_wconf 88' lang='lat' dir='ltr'><strong>succincta</strong></span> <span class='ocrx_word' id='word_1_106' title='bbox 681 1588 795 1628; x_wconf 81' lang='lat' dir='ltr'><strong>crocota.</strong></span> 
     </span>
     <span class='ocr_line' id='line_1_17' title="bbox 131 1667 770 1731; baseline 0.006 -17"><span class='ocrx_word' id='word_1_107' title='bbox 131 1667 217 1714; x_wconf 83' lang='lat' dir='ltr'><strong>dulcia</strong></span> <span class='ocrx_word' id='word_1_108' title='bbox 231 1667 323 1715; x_wconf 87' lang='lat' dir='ltr'><strong>deinde</strong></span> <span class='ocrx_word' id='word_1_109' title='bbox 337 1667 410 1727; x_wconf 81' lang='lat' dir='ltr'><strong>genis</strong></span> <span class='ocrx_word' id='word_1_110' title='bbox 424 1667 570 1714; x_wconf 86' lang='lat' dir='ltr'><strong>rorantibus</strong></span> <span class='ocrx_word' id='word_1_111' title='bbox 585 1669 770 1731; x_wconf 84' lang='lat' dir='ltr'><strong>oscula&#39;figens</strong></span> 
     </span>
     <span class='ocr_line' id='line_1_18' title="bbox 132 1756 756 1818; baseline 0.005 -15"><span class='ocrx_word' id='word_1_112' title='bbox 132 1756 292 1818; x_wconf 84' lang='lat' dir='ltr'><strong>persequitur</strong></span> <span class='ocrx_word' id='word_1_113' title='bbox 305 1757 413 1803; x_wconf 86' lang='lat' dir='ltr'><strong>miserae</strong></span> <span class='ocrx_word' id='word_1_114' title='bbox 427 1771 517 1804; x_wconf 81' lang='lat' dir='ltr'><strong>causas</strong></span> <span class='ocrx_word' id='word_1_115' title='bbox 531 1757 666 1817; x_wconf 88' lang='lat' dir='ltr'><strong>exquirere</strong></span> <span class='ocrx_word' id='word_1_116' title='bbox 679 1758 756 1817; x_wconf 84' lang='lat' dir='ltr'><strong>tabis,</strong></span> 
     </span>
    </p>

    <p class='ocr_par' dir='ltr' id='par_1_6' title="bbox 62 1845 856 1995">
     <span class='ocr_line' id='line_1_19' title="bbox 62 1845 812 1906; baseline 0.004 -15"><span class='ocrx_word' id='word_1_117' title='bbox 62 1850 111 1892; x_wconf 76' lang='lat'><strong>255</strong></span> <span class='ocrx_word' id='word_1_118' title='bbox 130 1860 178 1893; x_wconf 89' lang='lat' dir='ltr'><strong>nec</strong></span> <span class='ocrx_word' id='word_1_119' title='bbox 191 1853 277 1894; x_wconf 87' lang='lat' dir='ltr'><strong>tamen</strong></span> <span class='ocrx_word' id='word_1_120' title='bbox 291 1852 349 1892; x_wconf 88' lang='lat' dir='ltr'><strong>ante</strong></span> <span class='ocrx_word' id='word_1_121' title='bbox 363 1845 429 1891; x_wconf 89' lang='lat' dir='ltr'><strong>ullas</strong></span> <span class='ocrx_word' id='word_1_122' title='bbox 443 1845 539 1906; x_wconf 84' lang='lat' dir='ltr'><strong>patitur</strong></span> <span class='ocrx_word' id='word_1_123' title='bbox 552 1845 600 1893; x_wconf 92' lang='lat' dir='ltr'><strong>sibi</strong></span> <span class='ocrx_word' id='word_1_124' title='bbox 614 1846 722 1894; x_wconf 90' lang='lat' dir='ltr'><strong>reddcre</strong></span> <span class='ocrx_word' id='word_1_125' title='bbox 735 1862 812 1895; x_wconf 85' lang='lat' dir='ltr'><strong>voces</strong></span> 
     </span>
     <span class='ocr_line' id='line_1_20' title="bbox 131 1933 856 1995; baseline -0.003 -14"><span class='ocrx_word' id='word_1_126' title='bbox 131 1949 304 1982; x_wconf 84' lang='lat' dir='ltr'><strong>marmoreum</strong></span> <span class='ocrx_word' id='word_1_127' title='bbox 315 1933 482 1980; x_wconf 84' lang='lat' dir='ltr'><strong>tremebunda</strong></span> <span class='ocrx_word' id='word_1_128' title='bbox 493 1935 583 1995; x_wconf 88' lang='lat' dir='ltr'><strong>pedem</strong></span> <span class='ocrx_word' id='word_1_129' title='bbox 592 1949 669 1995; x_wconf 90' lang='lat' dir='ltr'><strong>quarn</strong></span> <span class='ocrx_word' id='word_1_130' title='bbox 678 1935 856 1982; x_wconf 88' lang='lat' dir='ltr'><strong>rettulitintra.</strong></span> 
     </span>
    </p>
   </div>
   <div class='ocr_carea' id='block_1_3' title="bbox 132 2012 859 2085">
    <p class='ocr_par' dir='ltr' id='par_1_7' title="bbox 132 2012 859 2085">
     <span class='ocr_line' id='line_1_21' title="bbox 132 2012 859 2085; baseline -0.001 -16"><span class='ocrx_word' id='word_1_131' title='bbox 132 2023 178 2070; x_wconf 82' lang='lat' dir='ltr'><strong>illa</strong></span> <span class='ocrx_word' id='word_1_132' title='bbox 191 2032 277 2070; x_wconf 87' lang='lat' dir='ltr'><strong>autern</strong></span> <span class='ocrx_word' id='word_1_133' title='bbox 287 2013 359 2084; x_wconf 80' lang='lat' dir='ltr'><strong>‘quid</strong></span> <span class='ocrx_word' id='word_1_134' title='bbox 374 2013 421 2069; x_wconf 83' lang='lat' dir='ltr'><strong>me&#39;</strong></span> <span class='ocrx_word' id='word_1_135' title='bbox 435 2022 527 2083; x_wconf 87' lang='lat' dir='ltr'><strong>iuquit,</strong></span> <span class='ocrx_word' id='word_1_136' title='bbox 539 2012 576 2069; x_wconf 87' lang='lat' dir='ltr'><strong>‘io</strong></span> <span class='ocrx_word' id='word_1_137' title='bbox 589 2022 728 2080; x_wconf 86' lang='lat' dir='ltr'><strong>nutricula,</strong></span> <span class='ocrx_word' id='word_1_138' title='bbox 743 2021 859 2085; x_wconf 84' lang='lat' dir='ltr'><strong>torques?</strong></span> 
     </span>
    </p>
   </div>
   <div class='ocr_carea' id='block_1_4' title="bbox 62 2110 858 2620">
    <p class='ocr_par' dir='ltr' id='par_1_8' title="bbox 133 2110 805 2261">
     <span class='ocr_line' id='line_1_22' title="bbox 133 2110 805 2173; baseline -0.001 -14"><span class='ocrx_word' id='word_1_139' title='bbox 133 2112 194 2173; x_wconf 89' lang='lat' dir='ltr'><strong>quid</strong></span> <span class='ocrx_word' id='word_1_140' title='bbox 208 2119 307 2159; x_wconf 87' lang='lat' dir='ltr'><strong>tanturn</strong></span> <span class='ocrx_word' id='word_1_141' title='bbox 321 2126 443 2173; x_wconf 83' lang='lat' dir='ltr'><strong>properas</strong></span> <span class='ocrx_word' id='word_1_142' title='bbox 457 2117 558 2158; x_wconf 85' lang='lat' dir='ltr'><strong>nostros</strong></span> <span class='ocrx_word' id='word_1_143' title='bbox 572 2111 672 2158; x_wconf 88' lang='lat' dir='ltr'><strong>novisse</strong></span> <span class='ocrx_word' id='word_1_144' title='bbox 686 2110 805 2160; x_wconf 85' lang='lat' dir='ltr'><strong>furores?</strong></span> 
     </span>
     <span class='ocr_line' id='line_1_23' title="bbox 134 2199 726 2261; baseline 0.002 -15"><span class='ocrx_word' id='word_1_145' title='bbox 134 2214 186 2246; x_wconf 88' lang='lat' dir='ltr'><strong>non</strong></span> <span class='ocrx_word' id='word_1_146' title='bbox 201 2215 248 2261; x_wconf 81' lang='lat' dir='ltr'><strong>ego</strong></span> <span class='ocrx_word' id='word_1_147' title='bbox 263 2207 385 2248; x_wconf 89' lang='lat' dir='ltr'><strong>consueto</strong></span> <span class='ocrx_word' id='word_1_148' title='bbox 400 2199 551 2246; x_wconf 87' lang='lat' dir='ltr'><strong>mortalibus</strong></span> <span class='ocrx_word' id='word_1_149' title='bbox 565 2213 625 2246; x_wconf 89' lang='lat' dir='ltr'><strong>uror</strong></span> <span class='ocrx_word' id='word_1_150' title='bbox 637 2214 726 2247; x_wconf 85' lang='lat' dir='ltr'><strong>amore</strong></span> 
     </span>
    </p>

    <p class='ocr_par' dir='ltr' id='par_1_9' title="bbox 62 2288 858 2620">
     <span class='ocr_line' id='line_1_24' title="bbox 62 2288 751 2336; baseline 0.001 -1"><span class='ocrx_word' id='word_1_151' title='bbox 62 2293 112 2336; x_wconf 81' lang='lat'><strong>260</strong></span> <span class='ocrx_word' id='word_1_152' title='bbox 133 2303 180 2336; x_wconf 87' lang='lat' dir='ltr'><strong>uec</strong></span> <span class='ocrx_word' id='word_1_153' title='bbox 193 2290 255 2336; x_wconf 84' lang='lat' dir='ltr'><strong>milri</strong></span> <span class='ocrx_word' id='word_1_154' title='bbox 270 2297 390 2336; x_wconf 89' lang='lat' dir='ltr'><strong>notorum</strong></span> <span class='ocrx_word' id='word_1_155' title='bbox 404 2288 541 2335; x_wconf 85' lang='lat' dir='ltr'><strong>deflectunt</strong></span> <span class='ocrx_word' id='word_1_156' title='bbox 554 2288 652 2334; x_wconf 90' lang='lat' dir='ltr'><strong>lumina</strong></span> <span class='ocrx_word' id='word_1_157' title='bbox 665 2289 751 2336; x_wconf 78' lang='lat' dir='ltr'><strong>vultus</strong></span> 
     </span>
     <span class='ocr_line' id='line_1_25' title="bbox 133 2377 858 2439; baseline -0.003 -15"><span class='ocrx_word' id='word_1_158' title='bbox 133 2393 180 2426; x_wconf 85' lang='lat' dir='ltr'><strong>nec</strong></span> <span class='ocrx_word' id='word_1_159' title='bbox 190 2379 292 2439; x_wconf 84' lang='lat' dir='ltr'><strong>genitor</strong></span> <span class='ocrx_word' id='word_1_160' title='bbox 302 2378 372 2425; x_wconf 86' lang='lat' dir='ltr'><strong>cordi</strong></span> <span class='ocrx_word' id='word_1_161' title='bbox 384 2384 435 2424; x_wconf 87' lang='lat' dir='ltr'><strong>est:</strong></span> <span class='ocrx_word' id='word_1_162' title='bbox 451 2377 518 2423; x_wconf 84' lang='lat' dir='ltr'><strong>ultro</strong></span> <span class='ocrx_word' id='word_1_163' title='bbox 530 2391 641 2437; x_wconf 88' lang='lat' dir='ltr'><strong>namque</strong></span> <span class='ocrx_word' id='word_1_164' title='bbox 652 2377 755 2423; x_wconf 86' lang='lat' dir='ltr'><strong>odimus</strong></span> <span class='ocrx_word' id='word_1_165' title='bbox 763 2392 858 2425; x_wconf 86' lang='lat' dir='ltr'><strong>omnes.</strong></span> 
     </span>
     <span class='ocr_line' id='line_1_26' title="bbox 132 2465 849 2526; baseline 0.001 -13"><span class='ocrx_word' id='word_1_166' title='bbox 132 2467 168 2514; x_wconf 91' lang='lat' dir='ltr'><strong>nil</strong></span> <span class='ocrx_word' id='word_1_167' title='bbox 183 2474 252 2513; x_wconf 90' lang='lat' dir='ltr'><strong>amat</strong></span> <span class='ocrx_word' id='word_1_168' title='bbox 264 2467 306 2515; x_wconf 91' lang='lat' dir='ltr'><strong>hic</strong></span> <span class='ocrx_word' id='word_1_169' title='bbox 320 2466 430 2523; x_wconf 85' lang='lat' dir='ltr'><strong>animus,</strong></span> <span class='ocrx_word' id='word_1_170' title='bbox 447 2465 542 2522; x_wconf 88' lang='lat' dir='ltr'><strong>nutrix,</strong></span> <span class='ocrx_word' id='word_1_171' title='bbox 559 2465 627 2526; x_wconf 87' lang='lat' dir='ltr'><strong>quod</strong></span> <span class='ocrx_word' id='word_1_172' title='bbox 642 2472 746 2525; x_wconf 88' lang='lat' dir='ltr'><strong>oportet</strong></span> <span class='ocrx_word' id='word_1_173' title='bbox 758 2465 849 2523; x_wconf 84' lang='lat' dir='ltr'><strong>amari,</strong></span> 
     </span>
     <span class='ocr_line' id='line_1_27' title="bbox 127 2553 720 2620; baseline -0.007 -17"><span class='ocrx_word' id='word_1_174' title='bbox 127 2555 155 2603; x_wconf 90' lang='lat' dir='ltr'><strong>in</strong></span> <span class='ocrx_word' id='word_1_175' title='bbox 170 2569 223 2620; x_wconf 87' lang='lat' dir='ltr'><strong>quo</strong></span> <span class='ocrx_word' id='word_1_176' title='bbox 237 2554 303 2605; x_wconf 82' lang='lat' dir='ltr'><strong>salsa</strong></span> <span class='ocrx_word' id='word_1_177' title='bbox 317 2562 403 2604; x_wconf 88' lang='lat' dir='ltr'><strong>tamen</strong></span> <span class='ocrx_word' id='word_1_178' title='bbox 416 2555 496 2604; x_wconf 84' lang='lat' dir='ltr'><strong>lateat</strong></span> <span class='ocrx_word' id='word_1_179' title='bbox 508 2553 610 2617; x_wconf 83' lang='lat' dir='ltr'><strong>pietatis</strong></span> <span class='ocrx_word' id='word_1_180' title='bbox 624 2553 720 2614; x_wconf 83' lang='lat' dir='ltr'><strong>imago,</strong></span> 
     </span>
    </p>
   </div>
   <div class='ocr_carea' id='block_1_5' title="bbox 112 2640 869 2712">
    <p class='ocr_par' dir='ltr' id='par_1_10' title="bbox 112 2640 869 2712">
     <span class='ocr_line' id='line_1_28' title="bbox 112 2640 869 2712; baseline -0.005 -12"><span class='ocrx_word' id='word_1_181' title='bbox 112 2651 164 2700; x_wconf 74' lang='lat' dir='ltr'><strong>secl</strong></span> <span class='ocrx_word' id='word_1_182' title='bbox 176 2651 268 2704; x_wconf 86' lang='lat' dir='ltr'><strong>media</strong></span> <span class='ocrx_word' id='word_1_183' title='bbox 283 2667 318 2704; x_wconf 87' lang='lat' dir='ltr'><strong>ex</strong></span> <span class='ocrx_word' id='word_1_184' title='bbox 333 2651 391 2703; x_wconf 88' lang='lat' dir='ltr'><strong>acie</strong></span> <span class='ocrx_word' id='word_1_185' title='bbox 403 2648 553 2712; x_wconf 82' lang='lat' dir='ltr'><strong>mediisque</strong></span> <span class='ocrx_word' id='word_1_186' title='bbox 564 2640 734 2694; x_wconf 74' lang='lat' dir='ltr'><strong>esnostibus.</strong></span> <span class='ocrx_word' id='word_1_187' title='bbox 748 2642 869 2695; x_wconf 55' lang='lat' dir='ltr'><strong>neuneu,</strong></span> 
     </span>
    </p>
   </div>
   <div class='ocr_carea' id='block_1_6' title="bbox 0 0 913 2956">
    <p class='ocr_par' dir='ltr' id='par_1_11' title="bbox 0 0 913 2956">
     <span class='ocr_line' id='line_1_29' title="bbox 0 0 913 2956; baseline 0 0"><span class='ocrx_word' id='word_1_188' title='bbox 0 0 913 2956; x_wconf 95' lang='lat' dir='ltr'><strong> </strong></span> 
     </span>
    </p>
   </div>
  </div>
 </body>
</html>
