1808 2956
428 193 453 230 P.
471 191 591 230 venum
612 190 743 230 trunonis

259 348 370 411 populus
384 355 408 396 et
421 348 516 409 glauca
529 348 648 396 canentia
661 349 752 396 fronde
765 348 876 408 salicta3

259 451 317 499 pars
332 446 417 484 autem
431 437 515 498 posito
529 446 638 498 surgunt
651 437 682 484 de
695 437 801 496 semine,
817 438 885 485 utel

209 531 239 573 15
260 533 394 574 castaneae
408 540 593 588 nemorumque
606 525 660 572 Iovi
673 540 740 588 qaae
753 525 869 574 maxima
903 550 904 558 ι

259 615 377 662 aesculus
392 622 468 676 atque
481 614 585 661 habitae
599 612 673 662 Grais
688 615 792 662 oracula
807 629 898 676 querc·

260 705 372 768 pullulat
386 703 417 750 ab
431 703 518 750 radice
532 703 588 750 aliis
603 703 844 764 densissimaque,

259 800 287 840 ut
301 793 394 841 cerasis
407 792 550 853 ulmisque3
566 792 643 839 etiam
655 792 781 840 Parnasia
794 793 884 840 laurus

260 897 338 945 parva
351 881 397 928 sub
412 881 509 940 ingenti
523 880 611 927 matris
625 895 652 928 se
665 879 759 927 subicit
773 881 874 929 umbra.

207 976 240 1018 20
260 971 307 1017 hos
321 977 412 1016 natura
426 971 518 1016 modos
532 970 642 1031 primum
656 968 741 1027 dedit,
762 968 802 1016 his
815 984 899 1030 genas

260 1058 382 1105 silvarum
395 1058 567 1120 fruticumque
578 1058 641 1104 viret
651 1072 838 1120 nemorumque
845 1073 890 1106 sac

296 1147 361 1193 Sunt
375 1146 419 1193 alii
434 1161 498 1208 quos
512 1147 566 1209 ipse
580 1146 682 1193 nasibi
696 1147 809 1209 repperit
821 1161 892 1194 usus.

261 1235 303 1283 hic
317 1236 418 1297 plantas
432 1246 520 1283 tenero
534 1235 687 1283 abscindens
701 1236 732 1283 de
751 1250 860 1298 corpore
879 1250 903 1282 m

261 1324 380 1386 deposuit
393 1324 480 1382 sulcis,
497 1324 539 1372 hic
552 1325 643 1387 stirpes
657 1323 743 1371 obruit·
756 1338 816 1371 arvo

207 1418 239 1460 25
261 1413 469 1474 quadrifidasque
482 1413 558 1460 sudes
572 1421 596 1461 et
610 1422 685 1461 acuto
699 1412 791 1460 robore
804 1413 889 1461 vallos

261 1501 434 1562 silvarumque
447 1501 514 1548 aliae
527 1517 627 1563 pressos
641 1501 791 1563 propaginis
808 1516 883 1549 atreus

260 1596 398 1652 expectant
410 1597 435 1636 et
447 1591 504 1637 viva
516 1605 563 1637 sna
577 1591 704 1652 plantaria
719 1598 795 1648 terra,

261 1679 297 1725 nil
311 1679 405 1726 radicis
419 1687 495 1741 egent
508 1679 574 1726 aliae
587 1693 766 1740 summumque
780 1688 885 1742 putator

261 1767 328 1815 haud
344 1768 443 1815 dubitat
455 1775 539 1816 terrae
553 1768 663 1816 reserens
677 1768 800 1816 mandare
814 1785 898 1817 caena

209 1862 242 1904 30
263 1858 325 1920 quin
339 1865 364 1905 et
378 1856 526 1905 caudicibus
539 1857 614 1904 sectis
628 1855 757 1918 (mirabile
771 1857 854 1920 dictu)

261 1947 372 1993 truditur
386 1961 399 1994 e
413 1946 481 1994 sicco
496 1945 570 1993 radix
583 1946 704 2006 oleagina
718 1945 789 2006 ligno

262 2042 288 2082 et
299 2049 375 2096 saepe
388 2035 492 2105 alterius
506 2049 591 2081 ramos
605 2035 702 2096 inpane
715 2035 830 2082 videmus

261 2121 358 2171 vertere
370 2123 397 2170 in
411 2123 516 2170 alterius
530 2130 707 2185 mutatamque
720 2123 796 2170 insita
808 2124 880 2171 mala

262 2212 327 2260 ferre
340 2211 424 2274 pirum
438 2219 463 2259 et
475 2213 564 2275 prunis
578 2211 698 2273 lapidosa
710 2211 844 2259 rabcscere
858 2226 903 2260 eor

209 2305 242 2348 35
298 2299 384 2359 Quare
397 2301 465 2361 agite
478 2315 493 2348 o
507 2301 625 2363 proprios
644 2300 787 2361 generatim
802 2299 893 2348 discite

262 2388 392 2450 agricolae
405 2388 553 2450 fructusque
566 2389 634 2436 seros
647 2389 747 2437 mollite
760 2389 881 2448 colendo,

262 2491 313 2525 neu
326 2491 417 2538 segnes
430 2477 532 2526 iaceant
546 2485 637 2525 terrae,
664 2477 735 2524 iuvat
747 2477 846 2526 Ismara
859 2479 897 2526 Ba

263 2579 398 2614 conserere
417 2572 494 2627 atque
511 2566 570 2614 olea
587 2580 710 2628 magnum
722 2566 814 2614 vestire
827 2566 902 2615 Tabu

263 2662 343 2718 tuque
357 2653 418 2702 ades
430 2653 612 2717 inceptumque
626 2669 677 2703 una
690 2656 796 2704 decurre
809 2655 900 2705 labore
