1808 2956
285 153 431 192 ansuinus
450 153 536 191 LIBER
552 154 593 191 Xl.
777 145 806 190 43

113 319 251 371 postquam
264 309 412 369 introgressi
427 317 451 356 et
465 324 552 357 coram
566 311 625 357 data
639 309 716 372 copia
727 309 808 367 fandi,

113 412 220 445 munera
233 397 408 459 praeferimus,
424 412 518 445 nomen
532 398 693 460 patriamque
706 398 823 446 docemur

1 523 2 549 3
42 494 93 535 ‘250
113 487 156 549 qui
171 486 267 534 bellum
278 486 419 544 intulerint,
436 501 502 547 quae
514 501 591 534 cansa
601 486 828 549 attraxeritArpos

113 576 206 624 auditis
219 575 264 622 illc
278 575 341 622 haec
355 574 458 636 placido
472 575 509 622 sic
522 575 634 622 reddidit
647 589 699 622 ore.

111 665 135 712 ‘0
149 664 295 710 fortunatae
308 670 406 723 gentes,
423 661 544 711 Saturnia
558 677 647 724 regna,

114 752 213 814 antiqui
227 751 346 806 Ausonii,
363 766 428 812 quae
443 766 486 798 ros
501 751 604 798 fortuna
618 751 718 813 quietos

113 841 236 889 sollicitat
247 840 389 901 suadetque
401 840 491 900 ignota
505 841 630 888 lacessere
643 839 729 888 bella?

42 935 93 976 255
114 929 269 991 quicumque
282 929 376 976 Iliacos
391 929 457 976 ferro
471 929 622 976 violavimus
637 942 712 990 agros

114 1017 199 1078 (mitto
219 1031 249 1065 ea
262 1033 329 1079 quae
342 1017 421 1064 muris
436 1017 557 1064 bellando
571 1017 697 1065 exhausta
709 1016 757 1064 sub
771 1016 839 1073 altis,

115 1120 179 1167 quos
193 1105 287 1153 Simois
300 1113 400 1168 premat
412 1107 457 1154 ille
470 1105 549 1168 viros)
564 1106 670 1153 infanda
683 1120 728 1169 per
741 1105 830 1153 orbem

114 1193 240 1254 supplicia
253 1203 278 1241 et
290 1195 417 1243 scelerum
430 1209 526 1258 poenas
540 1195 709 1256 expendimus
723 1208 821 1242 omnes

116 1281 154 1328 rel
167 1281 270 1330 Priamo
283 1284 429 1330 miseranda
441 1299 548 1332 manus:
570 1285 618 1331 scit
630 1284 701 1331 triste
711 1283 842 1331 Minervae

44 1376 95 1417 260
115 1371 184 1418 sidus
199 1380 223 1419 et
236 1371 366 1419 Euboicae
381 1379 467 1419 cautes
480 1373 600 1433 ultorque
615 1370 773 1434 Caphereus.

114 1461 207 1507 militia
220 1475 252 1506 ex
264 1459 310 1506 illa
323 1460 450 1508 diversum
464 1461 496 1506 ad
510 1460 570 1507 litus
584 1460 668 1508 abacti

115 1547 218 1594 Atrides
232 1546 318 1593 Protei
331 1547 463 1594 Menelaus
477 1548 593 1608 adusque
606 1548 739 1595 columnas

116 1634 212 1689 exulat,
229 1636 357 1681 Aetnaeos
371 1635 435 1680 vidit
448 1632 575 1696 Cyclopas
588 1635 686 1683 Ulixes.

116 1737 195 1783 regna
208 1721 369 1783 Neoptolemi
383 1721 491 1769 referam
504 1736 642 1783 versosque
654 1731 760 1784 penates

45 1818 95 1860 265
116 1810 265 1858 Idomenei?
284 1809 415 1872 Libycone
429 1809 574 1857 habitantes
587 1810 661 1857 litore
674 1810 787 1859 Locros?

116 1902 170 1963 ipse
184 1900 338 1960 Mycenaeus
352 1912 505 1959 magnorum
519 1898 610 1946 ductor
623 1899 750 1946 Achivom

117 1988 234 2050 coniugis
248 1987 370 2035 infandae
384 1988 467 2050 prima
480 1988 547 2034 intra
560 1987 651 2035 limina
664 1988 754 2036 dextra

117 2077 234 2139 oppetiit,
250 2077 376 2124 devictam
389 2077 478 2124 Asiam
488 2076 607 2148 subsedit
619 2077 728 2124 adulter.

117 2166 238 2213 invidisse
251 2165 313 2212 deos
326 2165 416 2226 patriis
429 2171 457 2211 ut
469 2164 584 2212 redditus
598 2164 648 2211 uris

66 2257 98 2300 70
118 2254 267 2314 coniugium
287 2260 402 2315 optatum
422 2261 446 2301 et
464 2252 599 2315 pulchram
619 2251 754 2315 Calydona
776 2254 844 2301 ride·

419 2341 489 2389 rem?

118 2443 186 2477 nuno
200 2430 277 2477 etiam
291 2429 407 2477 horribili
421 2429 476 2476 visu
489 2436 608 2492 portenta
621 2438 741 2477 secuntur

118 2525 142 2566 et
155 2519 217 2566 socii
232 2519 318 2566 amissi
332 2519 461 2581 pretierunt
472 2518 577 2566 aethera
589 2518 679 2580 pinnis

114 2607 313 2671 duminilrnsque
327 2618 457 2673 vagantur
471 2624 535 2659 aves
548 2608 619 2673 (heu
632 2606 697 2653 dara
705 2606 844 2648 aneorum
