1808 2956
28 409 88 457 300
265 418 291 456 Ρ.
310 417 432 457 VERGILI
450 416 582 457 masonis

96 573 168 621 fusus
181 573 252 621 humi
266 581 373 636 totoque
385 574 478 635 ingens
491 573 639 621 extenditur
652 583 738 623 antro.

98 669 210 724 occupat
221 662 325 711 Aeneas
338 662 438 709 aditum
451 663 557 710 custode
570 663 672 724 sepulto

27 756 77 799 425
97 751 233 814 evaditque
247 752 315 799 celer
327 751 411 813 ripam
424 749 600 798 inremeabilis
613 751 710 799 undae.

133 838 264 888 Continuo
278 839 381 887 auditae
393 853 477 896 voees,
493 839 593 900 vagitus
607 845 632 887 et
644 840 738 900 ingens

97 927 277 990 infantumque
291 928 391 975 animae
404 928 493 976 flentes
507 927 534 974 in
547 927 637 975 limine
650 928 746 989 primo,

99 1032 163 1079 quos
177 1017 259 1065 duleis
273 1017 339 1064 vitae
352 1017 448 1063 exortis
462 1023 487 1064 et
500 1015 531 1063 ab
546 1015 625 1064 ubere
637 1023 729 1078 raptos

98 1106 204 1154 abstulit
216 1112 272 1153 atre
285 1104 339 1152 dies
353 1111 378 1152 et
391 1104 479 1152 funere
493 1104 581 1152 mersit
594 1104 697 1152 acerbo.

27 1200 78 1243 430
98 1195 145 1242 hos
159 1195 232 1242 iuxta
244 1193 310 1240 falso
324 1193 438 1240 damnati
453 1193 560 1241 erimine
572 1193 672 1240 mortis.

99 1298 145 1331 nee
157 1297 217 1331 vero
231 1281 280 1329 hae
294 1280 348 1328 sine
362 1288 430 1329 sorte
444 1282 535 1340 datae,
555 1281 611 1328 sine
624 1281 720 1340 iudice,
737 1283 824 1331 sedes:

100 1371 232 1433 quaesitor
244 1370 329 1416 Minos
343 1384 434 1417 urnam
447 1377 547 1429 movet3
568 1370 612 1417 ille
625 1370 750 1418 silentum

99 1459 291 1519 conciliumque
305 1465 379 1505 vocet
391 1457 508 1519 vitesque
521 1465 546 1506 et
559 1458 669 1506 crimina
682 1459 769 1507 discit.

99 1547 218 1609 proxima
231 1546 323 1594 deinde
337 1553 425 1594 tenent
443 1547 533 1594 maesti
554 1548 612 1596 loca
625 1547 669 1609 qui
684 1546 735 1595 sibi
749 1549 827 1596 letum
877 1566 880 1643 q

29 1642 78 1684 435
99 1636 213 1683 insontes
226 1649 347 1697 peperere
360 1650 437 1683 manu
450 1637 587 1697 lucemque
600 1635 685 1697 perosi
877 1648 881 1707 q

100 1724 230 1786 proiecere
244 1723 352 1770 animas.
381 1738 459 1786 quam
472 1723 568 1770 vellent
581 1723 685 1771 aethere
698 1724 726 1771 in
741 1726 794 1774 alto
879 1749 884 1795 q

100 1827 168 1859 nune
182 1821 207 1860 et
220 1813 369 1874 pauperiem
382 1819 407 1860 et
420 1812 498 1859 duros
511 1810 624 1873 perferre
638 1811 758 1861 laboresl
880 1800 884 1887 ΙΙ

882 1902 885 1923 1

101 1901 139 1948 fas
153 1901 238 1948 obstat
250 1900 367 1962 tristique
381 1900 455 1961 pelus
468 1898 616 1947 inamabilis
630 1900 701 1946 unda

100 1989 191 2051 alligat
204 1996 228 2036 et
241 1988 347 2036 noviens
360 1986 424 2049 Styx
436 1988 560 2036 interfusa
573 1995 682 2035 coercet.

29 2083 80 2125 440
100 2077 244 2140 neeproeul
260 2077 320 2124 hine
333 2083 432 2138 partem
445 2076 495 2122 lusi
503 2082 679 2123 monstrantur
691 2075 719 2122 in
726 2091 829 2125 omnem

100 2167 216 2228 lugentes
231 2165 331 2227 campi;
352 2165 389 2212 sie
401 2164 461 2211 illos
473 2163 579 2211 nomine
593 2163 690 2211 dicunt.

100 2253 143 2301 hic
156 2267 220 2315 quos
235 2253 313 2299 durus
327 2267 400 2299 emor
413 2251 511 2300 crudeli
524 2251 583 2298 tabe
597 2252 706 2313 peremit

100 2341 189 2390 secreti
204 2342 289 2389 celant
302 2341 381 2388 ealles
395 2347 421 2388 et
433 2347 531 2402 myrtea
543 2340 640 2388 eireum

100 2430 165 2478 silva
177 2430 256 2491 tegit;
277 2443 353 2477 eurae
367 2444 419 2477 non
432 2429 489 2491 ipsa
502 2429 528 2476 in
542 2436 624 2476 morte
638 2429 778 2477 relincunt.

29 2525 80 2567 445
100 2520 139 2567 bis
153 2519 298 2566 Phaedram
311 2517 479 2580 Procrimque
498 2517 564 2565 locis
583 2522 763 2579 maestamque
775 2517 831 2566 Eri·

402 2606 506 2668 phylen,

100 2696 210 2745 erudelis
224 2696 278 2743 nati
292 2702 477 2743 monstrantem
490 2694 605 2751 voluere,
622 2693 712 2752 cernit,

98 2783 296 2848 Eubadnenque
309 2791 334 2832 et
346 2782 493 2845 Pasiphaen
504 2798 510 2840 ;
531 2781 571 2828 his
584 2780 730 2829 Laodamia
766 2792 769 2797 ·

82 2872 205 2924 iteomes
213 2875 347 2926 etiureuis
357 2873 505 2941 quondam,
520 2867 839 2927 nunciemiuassaeneus‚
