1808 2956
56 174 114 220 254
295 183 320 220 Ρ.
338 182 458 220 VERGILI
480 181 610 220 MARONIS

70 403 75 413 ι
123 337 255 385 infindunt
267 338 361 400 pariter
374 339 459 385 sulcos
473 346 607 399 totumque
621 338 736 387 dehiscit

125 428 276 475 convolsum
290 427 366 474 remis
380 427 520 488 rostrisque
534 425 688 474 tridentibus
703 442 813 491 aequor.

124 529 177 562 non
191 523 243 563 tam
256 515 408 578 praecipites
422 515 510 575 biiugo
525 515 664 562 certamine
679 531 805 580 campum

56 608 104 651 145
125 604 271 666 corripuere
284 611 412 665 ruontque
426 604 499 651 effusi
514 617 615 650 carcere
629 619 731 663 currus,

124 706 172 740 nec
185 693 221 740 sio
234 692 346 739 inmissis
360 692 465 753 aurigae
477 692 603 740 undantia
616 692 674 738 lora

125 796 278 830 concussere
291 781 357 842 iugis
372 780 498 842 pronique
512 780 539 826 in
551 779 656 827 verbera
670 782 798 842 pendent.

124 877 178 917 tum
191 871 284 933 plausu
297 869 451 931 fremituque
464 867 546 914 virum
564 868 708 930 studiisque
727 870 856 919 faventum

125 965 251 1006 consonat
264 972 340 1006 omne
353 972 443 1005 nemus
460 970 601 1017 vocemque
619 956 722 1004 inclusa
741 960 857 1008 volutant

57 1051 105 1095 150
124 1047 210 1104 litora,
229 1047 324 1109 pulsati
338 1047 417 1094 colles
432 1046 544 1093 clamore
557 1044 692 1093 resultant.

125 1135 216 1196 effugit
228 1141 287 1182 ante
299 1134 364 1182 alios
378 1134 518 1197 primisque
532 1133 641 1181 elabitur
653 1134 731 1181 undis

125 1223 226 1270 turbam
251 1223 318 1269 inter
343 1222 523 1284 fremitumque
546 1220 632 1284 Gyas3
660 1237 738 1284 quern
766 1225 857 1272 deinde

427 1309 571 1359 Cloanthus

125 1400 299 1461 consequitur,
315 1400 407 1447 melior
419 1400 505 1457 remis,
521 1400 566 1446 sed
579 1398 694 1462 pondere
707 1399 786 1462 pinus

125 1488 199 1536 tarda
211 1496 288 1536 tenet.
317 1496 375 1550 post
387 1488 434 1535 hos
449 1503 532 1550 aequo
547 1487 694 1535 discrimine
707 1487 800 1536 Pristis

58 1583 106 1625 155
127 1575 322 1638 Centaurusque
335 1577 422 1625 locum
435 1578 544 1625 tendunt
556 1590 677 1638 superare
689 1563 823 1637 priorem,

127 1673 151 1714 et
163 1665 327 1714 nuncPristis
339 1666 425 1725 habet,
441 1681 510 1713 nunc
522 1665 615 1712 victam
629 1665 752 1726 praeterit
766 1667 858 1727 ingens

127 1753 279 1814 Centaurus,
295 1770 364 1802 nunc
377 1770 429 1802 una
441 1754 532 1802 ambae
546 1754 691 1815 iunctisque
704 1753 824 1803 feruutur

126 1842 252 1889 frontibus
266 1849 291 1889 et
304 1843 384 1904 longa
395 1843 497 1890 sulcant
509 1844 575 1890 vada
588 1842 657 1891 salsa
671 1842 770 1890 carina.

126 1931 229 1993 iamque
252 1931 463 1992 propinquabant
484 1932 592 1994 scopulo
616 1937 764 1992 metamque
789 1938 858 1980 tene-

427 2019 498 2079 bant,

57 2113 106 2157 160
126 2123 184 2156 oum
197 2108 316 2170 princeps
330 2108 467 2170 medioque
481 2107 549 2170 Gyas
563 2108 589 2154 in
603 2107 704 2168 gurgite
717 2107 800 2156 victor

125 2204 250 2245 rectorem
263 2197 334 2245 navis
349 2198 488 2259 compellat
500 2211 562 2244 voce
575 2196 713 2242 Menoeten
722 2212 736 2240 r·

123 2275 185 2349 ‘quo
199 2293 299 2334 tantum
311 2286 375 2334 mihi
390 2287 478 2334 dexter
491 2284 562 2332 abis?
576 2284 626 2331 hnc
634 2283 716 2344 dirige
723 2298 856 2345 gressum3

125 2375 185 2422 litus
199 2390 258 2423 ama
271 2382 297 2423 et
308 2376 394 2424 laevas
407 2375 518 2436 stringat
530 2374 585 2421 sine
598 2373 713 2434 palmula
727 2379 832 2433 cautes;

127 2463 207 2511 altum
221 2464 265 2511 alii
278 2454 400 2511 teneant'
426 2462 499 2520 dixit,
516 2462 559 2509 sed
574 2476 651 2509 caeca
663 2461 797 2510 Menoetes

57 2555 106 2599 165
127 2565 190 2602 saxa
203 2552 295 2600 timens
309 2566 412 2614 proram
425 2550 511 2612 pelagi
525 2549 661 2610 detorquet
674 2550 706 2596 ad
720 2550 813 2598 undas.

115 2628 176 2702 ‘quo
189 2641 310 2694 diversus
324 2641 381 2690 abis
389 2632 410 2689 ἶν’
429 2628 608 2702 iterum‘pete
621 2651 697 2692 santa,
706 2629 834 2681 utentes&
