1808 2956
281 140 451 180 duondlcort
469 140 555 179 LIBER
573 141 593 179 1.

107 306 135 348 at
147 299 168 348 si
181 313 235 346 non
248 298 324 345 fuerit
336 297 412 346 tellus
425 297 544 356 fecunda,
560 297 606 345 sub
620 298 705 359 ipsum

107 395 239 437 arcturum
251 386 322 434 tenui
335 393 375 434 sat
388 386 436 434 erit
448 386 603 448 suspendere
616 386 702 434 sulco:

105 477 170 535 illic,
186 475 303 524 officiant
315 475 390 523 laetis
402 488 435 522 ne
448 474 563 536 frugibus
576 474 680 533 herbae,

56 569 87 614 70
107 565 159 623 hic,
174 565 288 612 sterilem
301 563 409 624 exiguus
423 578 455 611 ne
468 563 569 610 deserat
582 577 657 609 umor
669 562 802 610 harenam.

142 653 257 700 Alternis
269 652 338 700 idem
351 658 438 699 tonsas
452 664 551 698 cessare
564 651 668 698 novales

105 748 132 790 et
144 756 250 802 segnem
263 741 360 803 patiere
372 740 423 787 situ
436 739 569 787 durescere
582 753 715 801 campum:

106 837 152 878 aut
164 829 200 877 ibi
212 829 278 876 flava
291 843 358 876 seres
371 834 469 875 mutato
483 827 565 875 sidere
579 826 656 886 sarra,

104 918 175 965 unde
182 918 252 980 priua
265 919 362 965 laetum
374 917 470 978 siliqua
482 922 620 978 quassante
633 916 754 977 legumen

56 1011 84 1054 75
105 1013 152 1054 aut
163 1006 246 1054 tenuis
260 1006 325 1054 setus
338 1005 419 1053 viciae
432 1005 561 1067 tristisque
574 1004 657 1067 lupini

104 1095 239 1143 sustuleris
253 1095 352 1155 fragilis
366 1095 479 1142 calamos
492 1094 633 1155 silvamque
646 1100 790 1141 sonantem.

105 1183 158 1230 urit
170 1183 240 1231 enim
253 1183 299 1230 lini
314 1197 434 1243 campum
447 1196 527 1243 seges,
544 1182 595 1228 urit
608 1196 712 1240 avenne,

105 1278 184 1318 urunt
195 1271 310 1319 Lethaeo
324 1270 428 1333 perfusa
440 1284 569 1331 papavera
580 1284 671 1317 somno
682 1286 688 1316 ι

105 1360 151 1407 sed
164 1366 251 1407 tamen
265 1360 369 1407 alternis
384 1359 465 1407 facilis
479 1357 561 1417 labor,
577 1359 651 1406 arida
663 1364 763 1406 tantum

56 1450 88 1495 80
106 1462 139 1495 ne
152 1454 269 1496 saturare
282 1447 342 1495 fimo
355 1447 446 1510 pingui
459 1447 555 1509 pudeat
567 1447 623 1494 sola
636 1461 698 1494 neve

106 1535 196 1584 effetos
211 1535 321 1584 cinerem
334 1536 487 1583 inmundum
499 1535 595 1583 iactare
608 1549 653 1597 per
666 1549 750 1595 agros.

106 1623 143 1671 sic
156 1639 261 1686 quoque
273 1625 376 1672 mutatis
389 1624 554 1686 requiescunt
566 1623 658 1672 fetibus
672 1637 741 1681 arva,

105 1725 154 1760 nec
166 1713 240 1760 nulls
252 1714 350 1762 interea
363 1720 401 1761 est
412 1713 527 1760 inaratae
540 1711 624 1773 gratia
637 1718 727 1760 terrae.

105 1814 182 1862 saepe
195 1800 274 1849 etiam
286 1801 384 1850 steriles
397 1801 534 1849 incendere
547 1800 644 1862 profuit
657 1815 733 1862 agros

56 1892 85 1935 85
105 1895 184 1951 atque
196 1889 279 1937 levem
291 1890 413 1952 stipulam
426 1888 609 1951 crepitantibus
620 1903 694 1937 urere
705 1889 814 1937 flammis
825 1906 831 1949 3

104 1977 157 2025 sive
170 1977 231 2025 inde
245 1979 358 2026 occultas
370 1977 431 2025 viris
445 1984 470 2025 et
481 1977 578 2038 pabula
590 1984 673 2025 terrae

104 2065 214 2127 pinguia
226 2066 384 2127 concipiunt,
399 2065 451 2113 sive
464 2066 516 2113 illis
530 2080 606 2112 omne
618 2080 664 2126 per
676 2065 764 2126 ignem

105 2153 260 2215 excoquitur
271 2154 361 2200 vitium
374 2160 451 2216 atque
464 2153 560 2201 exudat
572 2153 670 2201 inutilis
685 2169 767 2213 umor,

103 2256 149 2289 seu
163 2241 244 2303 pluris
259 2241 330 2288 calor
341 2241 386 2289 ille
398 2242 451 2289 vias
465 2248 490 2290 et
503 2255 580 2290 caeca
592 2242 692 2290 relaxat

56 2332 84 2375 90
104 2329 271 2391 spiramenta,
287 2343 366 2377 novas
379 2330 464 2378 veniat
476 2345 529 2392 qua
541 2345 616 2377 sucus
629 2331 656 2377 in
669 2331 770 2391 herbas,

104 2432 149 2466 seu
163 2418 240 2464 durat
252 2417 334 2478 magis
348 2424 373 2466 et
386 2432 461 2466 venas
475 2418 612 2479 adstringit
624 2418 728 2478 hiantis,

104 2520 136 2553 ue
150 2511 238 2553 tenues
251 2505 353 2567 pluviae
367 2506 481 2568 rapidive
494 2507 610 2567 potentia
622 2508 684 2555 solis

103 2594 189 2642 aerior
202 2601 247 2642 aut
258 2593 357 2643 Boreae
369 2593 528 2656 penetrabile
541 2595 624 2657 frigus
636 2595 744 2642 aduret.
