1808 2956
59 187 119 234 534
404 193 510 234 cutax.

126 359 151 400 et
163 352 294 400 recinente
307 352 363 413 lyra
375 350 469 410 fautor,
485 351 537 398 sive
550 351 644 398 educat
656 350 729 398 illum

125 441 198 487 Arna
212 437 363 487 Chimaereo
376 439 474 486 Xanthi
489 438 593 501 perfusa
605 439 707 500 liquore

76 533 105 575 15
125 543 168 575 seu
184 528 261 576 docus
274 528 392 575 Asteriae
405 542 450 575 seu
465 543 516 589 qua
529 527 656 574 Parnasia
668 542 744 590 rupes

125 616 186 664 hinc
199 625 275 678 atque
288 615 349 663 hine
362 616 452 677 patula
464 615 619 678 praepandit
633 631 731 663 cornua
743 616 822 663 fronte

127 703 307 766 Castaliaeque
320 719 415 751 sonans
429 704 528 765 liquido
542 705 607 766 pede
621 704 717 751 labitur
730 705 805 752 undu.

126 807 213 855 quare,
230 793 306 840 Pierii
321 792 404 840 laticis
419 793 506 850 decus,
522 793 565 850 ite,
582 807 683 840 sorores

125 882 223 939 naides,
239 887 264 928 et
277 881 403 928 celebrate
418 881 493 927 deum
507 879 647 942 plaudente
661 881 764 929 chorea.

73 974 105 1016 20
125 978 150 1016 et
162 977 189 1015 tu
202 975 291 1016 sancta
303 969 388 1026 Pales,
405 969 436 1016 ed
452 983 529 1030 quam
542 972 554 1028 †
567 976 675 1016 ventura
688 969 795 1017 recurrit

124 1061 137 1115 †
150 1064 279 1118 agrestum
292 1057 361 1104 bona
374 1072 464 1104 secura
477 1057 510 1104 sit
523 1072 585 1104 cura
597 1065 712 1105 tenentes

125 1147 207 1194 aerios
221 1160 355 1193 nemorum
368 1147 448 1192 saltus
462 1145 590 1207 silvasque
604 1145 723 1205 virentes,

125 1240 149 1281 te
162 1234 267 1281 cultrice
279 1249 359 1294 vagus
373 1235 452 1280 saltus
466 1233 534 1281 feror
547 1234 613 1280 inter
626 1240 652 1281 et
664 1241 747 1282 antra.

159 1321 192 1368 Et
204 1329 240 1380 tu,
256 1323 296 1369 cui
310 1323 406 1370 meritis
420 1323 501 1369 oritur
514 1321 608 1368 fiducia
622 1321 728 1381 chartis,

72 1415 104 1457 25
126 1408 214 1457 Octavi
227 1412 381 1469 venerande,
397 1411 460 1458 meis
474 1411 595 1458 adlabere
609 1411 715 1473 coeptis,

125 1506 211 1546 sancte
225 1514 300 1560 puer:
317 1499 362 1545 tibi
377 1514 487 1561 namque
503 1534 697 1546 .........

125 1587 196 1634 triste
209 1587 275 1634 Iovis
288 1587 433 1649 Rhoetique
447 1587 516 1634 canit
529 1600 581 1632 non
595 1587 693 1648 pagina
705 1587 809 1643 bellurn,

125 1675 237 1736 Phlegra
250 1674 377 1737 Giganteo
391 1691 480 1738 sparsa
493 1685 594 1736 estque
608 1676 736 1736 sanguine
749 1677 829 1731 tellus,

125 1778 172 1810 nec
186 1761 344 1812 Centaureos
358 1764 481 1825 Lapithas
496 1763 621 1825 conpellit
634 1763 660 1810 in
674 1778 757 1824 enses,

72 1856 105 1898 30
125 1851 175 1896 urit
187 1851 367 1900 Erichthonius
382 1851 474 1900 Oriens
488 1867 539 1898 non
553 1851 657 1912 ignibus
671 1868 751 1911 arces,

125 1955 172 1986 nec
184 1939 313 2001 perfossus
327 1941 409 1987 Athos
423 1955 471 1988 nec
484 1955 579 2001 magno
592 1941 697 1988 vincula
710 1948 790 2003 ponto

123 2028 192 2074 iacta
204 2043 262 2076 meo
276 2036 400 2090 quaerent
412 2029 464 2076 iam
478 2043 534 2076 sera
546 2029 677 2076 volumine
691 2029 796 2087 sarnam,

124 2130 175 2161 non
191 2115 373 2180 Hellespontus
387 2117 494 2179 pedibus
508 2117 625 2178 pulsatus
639 2132 776 2178 equorum,

125 2202 234 2252 Graecia
247 2221 304 2252 eum
318 2206 403 2253 timuit
415 2206 544 2253 venientes
558 2205 673 2266 undique
687 2206 795 2254 Persas:

71 2298 103 2339 35
124 2293 195 2340 molli
209 2293 253 2340 sed
267 2295 350 2341 tenuis
364 2295 501 2342 decurrens
515 2294 628 2341 carmine
641 2308 729 2342 versus

123 2381 217 2428 viribus
232 2390 292 2444 apta
305 2382 356 2429 suis
371 2382 476 2430 Phoebo
491 2382 555 2430 duce
569 2381 657 2430 ludere
670 2384 778 2444 gaudet.

123 2469 172 2516 hoe
186 2477 221 2528 tu,
237 2479 325 2518 sancte
339 2486 409 2532 puer,
426 2470 624 2518 memoraberis:
645 2478 670 2518 et
684 2471 730 2518 tibi
745 2478 840 2521 crescet

112 2559 203 2624 gloria
215 2566 372 2627 perpetuum
383 2560 484 2618 lucens,
495 2574 619 2607 mansura
630 2574 676 2621 per
689 2575 790 2620 aevum,

103 2661 134 2705 et
147 2653 196 2706 tibi
211 2655 277 2708 sede
292 2655 339 2723 pia
352 2659 465 2705 maneat
475 2651 556 2700 loeus
569 2654 597 2694 et
605 2645 656 2693 t'tb't
665 2659 757 2704 sospes
