1808 2956
75 181 137 229 480
315 189 340 227 Ρ.
358 187 480 226 t'naurtr
499 186 631 226 MARONIS

73 349 126 394 795
146 352 231 393 mente
245 345 323 402 dedit,
339 352 438 407 partem
451 343 561 392 volucris
576 344 697 406 dispersit
708 345 739 392 in
753 360 841 393 auras:

146 441 270 482 sterneret
281 441 310 480 ut
322 433 407 480 subita
421 433 549 480 turbatam
561 441 644 480 morte
659 430 803 482 Camillam

147 523 238 570 adnuit
251 522 350 580 oranti;
371 522 490 569 reducem
504 528 532 567 ut
545 521 629 583 patria
643 521 696 568 alta
709 523 812 571 videret

146 626 199 658 uon
213 611 283 658 dedit
295 610 374 672 inque
387 617 463 656 notos
475 624 565 656 vocem
578 616 675 657 vertere
687 612 832 671 procellae.

147 714 224 761 ergo,
252 700 295 746 ubi
320 699 399 746 missa
417 711 495 744 manu
514 697 628 744 sonitum
648 698 721 746 dedit
740 699 818 749 hasta
835 711 869 763 per

448 800 533 843 auras,

73 879 128 923 800
149 881 295 922 convertere
309 874 408 922 animos
422 874 487 922 acris
502 873 642 935 oculosque
656 875 742 924 tulere

148 963 231 1010 cuncti
247 963 278 1009 ad
293 963 410 1023 reginam
423 962 521 1010 Volsci.
549 961 614 1010 nihil
628 963 685 1024 ipsa
698 978 749 1012 nec
763 980 839 1014 aurae

148 1066 195 1099 nec
208 1051 307 1098 sonitus
320 1065 419 1098 memor
432 1059 476 1098 aut
488 1049 611 1097 venientis
626 1049 658 1096 ab
673 1052 780 1103 aethere
793 1055 843 1112 teli,

148 1140 223 1187 hasta
235 1139 282 1186 sub
296 1147 410 1187 exertam
424 1139 506 1186 donec
519 1139 620 1201 perlata
632 1140 764 1202 papillam

148 1229 231 1276 haesit
243 1227 438 1289 virgineumque
452 1228 503 1275 alte
516 1227 580 1274 bibit
593 1234 652 1274 acta
665 1243 797 1279 cruorem.

75 1321 128 1364 805
149 1323 306 1364 concurrunt
319 1316 433 1379 trepidae
447 1316 553 1364 comites
567 1316 756 1379 dominamque
765 1328 871 1368 ruentem

149 1405 301 1467 suscipiunt.
328 1404 395 1465 fugit
408 1413 467 1452 ante
480 1405 563 1452 omnis
577 1405 713 1452 exterritus
727 1407 837 1465 Arruns,

149 1493 249 1541 laetitia
261 1493 394 1555 mixtoque
407 1501 485 1551 metu,
501 1493 613 1541 aeciam
627 1493 742 1556 amplius
756 1496 843 1544 hastae

150 1583 252 1630 credere
266 1597 313 1630 nec
326 1582 382 1629 telis
397 1596 530 1630 occurrere
543 1582 648 1643 virginis
662 1583 751 1631 audet.

150 1687 180 1719 ac
193 1672 263 1719 velut
275 1671 328 1729 ille,
344 1671 414 1732 prius
428 1685 506 1732 quam
519 1671 571 1718 tela
583 1670 691 1718 inimica
703 1682 851 1735 sequantur,

77 1764 130 1808 810
150 1759 273 1807 continuo
286 1760 313 1806 iu
326 1759 421 1806 montis
434 1772 489 1806 sese
504 1759 573 1807 avius
587 1758 687 1806 abdidit
701 1762 769 1809 altos

150 1848 235 1895 occiso
248 1855 351 1910 pastore
364 1849 440 1910 lupus
453 1861 579 1908 magnove
592 1847 710 1906 iuvenco,

150 1937 268 1984 conscius
283 1937 387 1984 audacis
401 1936 471 1994 facti,
490 1935 651 1997 caudamque
663 1938 812 1986 remulcens

149 2025 258 2073 subiecit
269 2026 427 2086 pavitantem
439 2034 512 2072 utero
526 2023 655 2086 silvasque
668 2025 769 2086 petivit,

149 2113 218 2160 baud
232 2128 305 2161 secus
319 2128 351 2161 ex
364 2113 446 2161 oculis
459 2128 486 2161 se
500 2112 616 2160 turbidus
630 2112 738 2160 abstulit
751 2115 849 2162 Arruns

78 2207 129 2250 815
150 2209 337 2264 contentusque
349 2201 412 2262 fuga
424 2201 515 2248 mediis
529 2216 556 2251 se
568 2201 701 2249 inmiscuit
713 2203 802 2251 armis.

149 2290 195 2337 illa
207 2305 286 2337 manu
299 2290 412 2337 moriens
425 2290 505 2337 telum
519 2289 611 2337 trahit:
633 2303 694 2337 ossa
706 2292 752 2338 sed
767 2293 834 2341 inter

149 2377 245 2426 ferreus
260 2379 292 2425 ad
306 2386 390 2426 costas
404 2379 457 2425 alto
470 2385 521 2426 stat
533 2379 636 2425 volnere
650 2393 751 2427 mucro.

150 2466 246 2515 labitur
259 2467 394 2528 exanguis,
411 2466 533 2514 labuntur
546 2467 640 2528 frigida
654 2466 707 2514 leto

148 2554 257 2615 lumina,
273 2569 416 2619 purpureus
430 2556 563 2618 quondam
576 2555 649 2603 color
661 2569 708 2602 ora
721 2556 837 2621 reliquit.

63 2649 121 2697 820
143 2658 199 2698 tum
214 2649 252 2700 sic
267 2647 398 2714 expirans
412 2647 523 2702 hosam,
537 2656 573 2690 ea
583 2641 836 2701 uscudamam„
