1808 2956
283 197 431 236 AENEIDOS
454 199 541 236 LIBER
558 199 597 236 IX.
778 190 840 236 383

57 360 91 401 40
111 355 223 411 Aeneas,
239 354 314 415 siqua
327 354 424 402 interea
437 353 541 400 sortuna
554 353 652 412 fuisset,

111 457 161 490 neu
174 449 270 490 struere
285 442 409 490 auderent
422 442 503 489 aciem
517 456 566 490 neu
580 443 682 491 credere
696 458 803 505 campo3

111 539 195 579 castra
208 531 286 577 modo
300 538 324 577 et
337 537 405 577 tutos
418 537 549 578 servarent
560 545 654 592 aggere
667 546 763 578 muros.

111 634 172 680 ergo
187 619 233 666 etsi
247 618 363 666 conferre
377 633 482 666 manum
494 620 579 681 pudor
596 620 686 681 iraque
703 627 842 678 monstrat,

111 707 228 754 obiciunt
240 714 327 769 portas
341 715 426 754 tamen
441 715 464 754 et
477 715 615 769 praecepta
627 707 758 756 facessunt

57 802 90 842 45
112 772 253 857 armatique
268 796 335 843 cavis
350 802 487 857 expectant
499 796 610 843 turribus
624 796 733 844 hostem.

112 883 224 942 Turnus,
238 890 266 930 nt
277 891 336 930 ante
348 884 437 930 volans
445 884 547 930 tardum
554 893 728 946 praecesserat
736 898 842 945 agmen,

111 972 201 1032 viginti
215 972 286 1021 lectis
300 972 415 1033 equitum
430 972 566 1019 comitatus
581 981 605 1020 et
618 973 674 1019 urbi

111 1060 255 1121 inprom'sus
270 1060 350 1117 adest,
366 1060 474 1107 maculis
489 1075 566 1122 quem
579 1061 706 1109 Thracius
721 1060 787 1108 albis

111 1155 197 1210 portat
210 1163 289 1210 equos
304 1148 432 1210 cristaque
445 1150 509 1210 tegit
521 1150 598 1210 galea
610 1164 689 1198 aurea
701 1148 787 1196 rubra.

58 1243 91 1285 50
108 1226 206 1299 ‘ecquis
226 1237 285 1294 erit,
306 1251 420 1295 mecum,
440 1238 558 1296 iuvenes,
579 1238 622 1300 qui
637 1238 734 1300 primus
748 1238 775 1284 in
796 1236 845 1284 ho-

412 1318 503 1374 stemi’

112 1428 143 1460 en
157 1413 193 1459 ait
206 1420 231 1460 et
243 1413 357 1461 iaculum
370 1421 520 1476 attorquens
535 1415 628 1462 emittit
641 1413 667 1460 in
681 1428 767 1471 auras,

110 1502 267 1564 principium
280 1516 392 1563 pugnae,
408 1512 432 1550 et
446 1517 537 1564 campo
551 1517 607 1550 sese
621 1502 715 1550 arduos
728 1502 813 1550 insert.

112 1590 225 1637 clamore
239 1589 371 1649 excipiunt
384 1589 446 1636 socii
461 1590 615 1652 fremituque
628 1597 748 1638 secuntur
799 1615 801 1619 ·

112 1676 266 1733 horrisono;
286 1676 416 1723 Teucrum
428 1677 554 1725 mirantur
566 1679 660 1726 inertia
673 1679 761 1736 corda,

59 1769 91 1812 55
113 1777 165 1809 non
179 1777 262 1824 aequo
276 1763 337 1810 dare
350 1778 377 1810 se
391 1779 492 1826 campo,
509 1779 561 1811 non
575 1766 650 1813 obvia
663 1767 728 1814 ferre

112 1866 184 1898 arma
196 1851 273 1909 viros,
289 1852 334 1899 sed
349 1859 432 1900 castra
445 1853 538 1900 fovere.
569 1853 620 1901 huc
632 1854 749 1901 turbidus
764 1861 844 1916 atque

413 1941 464 1988 huc

112 2029 204 2076 lustrat
216 2042 283 2090 equo
297 2043 384 2076 muros
398 2029 548 2090 aditumque
561 2044 607 2091 per
619 2030 676 2078 avia
689 2031 797 2092 quaerit.

112 2133 141 2165 ac
155 2118 233 2165 veluti
247 2118 324 2180 pleno
339 2119 415 2181 lupus
429 2118 565 2165 insidiatus
579 2118 639 2166 ovili

111 2221 169 2253 cum
182 2206 267 2254 sremit
280 2207 312 2253 ad
327 2208 429 2266 caulas,
446 2217 535 2255 ventos
549 2222 684 2270 perpessus
698 2215 723 2255 et
735 2207 841 2265 imbres,

58 2300 91 2342 60
111 2302 186 2343 nocte
200 2310 277 2357 super
290 2296 392 2356 mediu3
413 2297 460 2343 tuti
474 2296 520 2343 sub
534 2296 659 2344 matribus
673 2297 733 2358 agni

111 2383 227 2431 balatum
240 2392 377 2444 exercent3
397 2385 443 2432 ille
457 2399 532 2447 asper
545 2391 570 2432 et
581 2385 706 2447 inprobus
719 2385 758 2432 ira

111 2473 190 2519 saevit
202 2473 229 2518 in
243 2473 371 2532 absentis;
393 2474 501 2521 collecta
514 2472 605 2534 fatigat
618 2473 710 2520 edendi

111 2561 235 2621 exlongo
249 2561 332 2609 rabies
346 2569 371 2608 et
383 2561 467 2609 siccae
480 2561 608 2623 sanguine
620 2561 730 2607 tancesx

105 2647 178 2693 haud
188 2648 265 2696 aliter
277 2648 378 2699 Rutulo
391 2666 484 2701 muros
499 2658 528 2700 et
540 2646 739 2700 castrametata
