1808 2956
235 189 243 211 ’
308 196 453 235 Anumnos
475 197 622 236 meaulx.
802 188 863 234 393

137 351 249 400 Gnosius
263 360 340 414 atque
353 352 467 400 habilem
481 352 574 414 vagina
587 360 689 414 aptarat
701 355 807 401 eburna.

136 442 180 488 det
192 441 254 488 Niso
267 440 415 489 Mnestheus
429 441 524 503 pellem
538 440 718 503 horrentisque
731 442 813 489 leonis

63 536 113 578 305
135 531 249 587 exuvias,
264 530 366 590 galeam
381 530 445 576 fidus
459 535 588 591 permutet
600 529 697 576 Aletes.

136 619 252 680 protinus
267 619 357 666 armati
371 619 510 675 incedunt3
532 632 597 678 quos
611 618 694 664 omnis
709 616 792 665 euntis

134 705 863 769 primorummenusadportes,iuvenumquesenumque‚

134 795 299 857 prosequitur
310 794 385 841 votis.
414 807 462 840 nee
475 807 527 839 non
541 801 566 840 et
577 793 686 854 pulcher
697 794 777 852 Iulus,

135 892 194 931 aute
208 897 290 929 annos
304 882 471 942 animumque
483 894 575 941 gerens
588 895 727 943 curamque
741 882 850 940 virilem,

62 977 115 1018 310
134 970 217 1017 multa
229 970 295 1032 petri
308 970 431 1016 mandate
444 968 522 1016 debet
534 970 676 1031 portenda:
692 971 737 1018 sed
751 984 828 1018 aurae

136 1059 224 1104 omnia
237 1058 385 1119 discerpunt
397 1065 421 1106 et
433 1057 545 1104 nubibus
558 1058 635 1104 inrita
648 1058 755 1105 donent.

170 1145 272 1206 Egressi
287 1153 408 1208 superant
420 1146 502 1194 fossas
516 1147 651 1208 noctisque
664 1160 710 1208 per
722 1146 839 1194 umbram

136 1240 219 1280 eastre
231 1234 337 1282 inimice
350 1242 448 1298 petunt,
464 1235 551 1282 multis
565 1243 651 1282 temen
664 1242 724 1282 ente
737 1234 815 1282 futuri

135 1323 223 1369 exitio.
253 1323 348 1385 passim
362 1338 453 1370 somno
466 1324 578 1385 vinoque
591 1339 637 1387 per
649 1323 756 1372 herbam

62 1416 112 1459 315
135 1426 243 1473 corpora
256 1412 313 1459 fusa
325 1412 424 1469 vident,
441 1418 553 1459 arrectos
568 1412 642 1459 litore
656 1427 753 1470 currus,

133 1500 200 1547 inter
213 1502 269 1547 lore
282 1508 404 1561 rotasque
417 1500 493 1558 viros,
509 1500 585 1546 simul
599 1514 671 1547 erma
683 1501 776 1558 iacere,

133 1589 193 1633 vina
205 1587 291 1633 simul.
319 1587 390 1648 prior
403 1586 555 1647 Hyrtacides
568 1588 605 1634 sie
619 1601 663 1634 ore
677 1589 787 1635 loeutus.

129 1663 261 1734 ‘Euryale
277 1675 425 1721 audendum
438 1675 544 1732 dextre;
559 1688 627 1721 nune
640 1675 698 1736 ipsa
711 1681 785 1722 vocet
797 1688 848 1721 res,

133 1761 182 1809 heo
196 1762 244 1809 iter
257 1769 302 1809 est.
330 1769 358 1808 tn
371 1776 457 1822 nequa
469 1776 561 1809 manus
575 1777 602 1809 se
615 1763 734 1810 attollere
746 1762 820 1809 nobis

59 1855 112 1898 320
133 1864 148 1895 e
161 1856 233 1910 tergo
248 1850 329 1911 possit
342 1850 440 1897 custodi
455 1858 480 1898 et
493 1851 598 1898 consule
611 1851 706 1912 longe3

131 1938 195 1986 haee
209 1952 257 1998 ego
271 1945 342 1986 vaste
355 1938 422 1985 dabo
436 1945 461 1986 et
474 1939 527 1986 leto
540 1946 565 1986 te
578 1939 659 1987 limite
673 1931 785 1987 ducam?

132 2028 168 2074 sie
182 2033 307 2075 memorat
320 2041 459 2088 vocemque
473 2028 579 2090 premit3
600 2028 676 2075 simul
696 2042 755 2076 ense
773 2043 861 2090 sopor·

432 2115 492 2163 bum

130 2205 300 2253 Rhamnetem
314 2204 472 2265 adgreditur,
488 2205 531 2266 qui
546 2205 610 2252 forte
623 2205 751 2267 tapetibus
766 2205 824 2253 eltis

131 2300 260 2341 extructus
274 2301 328 2341 toto
341 2294 468 2357 proflabat
481 2301 584 2355 pectore
598 2307 725 2352 somnum,

58 2386 108 2429 325
130 2395 175 2428 rex
189 2382 257 2429 idem
271 2391 295 2430 et
308 2382 361 2443 regi
375 2382 464 2428 Turno
477 2382 638 2443 gratissimus
652 2397 750 2442 augur3

129 2470 174 2516 sed
188 2484 240 2516 non
254 2471 363 2531 augurio
376 2471 461 2532 potuit
474 2470 601 2531 depellere
614 2476 721 2531 pestem.

130 2557 175 2603 tris
188 2558 261 2604 iuxta
274 2558 384 2604 famulos
398 2565 492 2604 temere
505 2557 572 2604 inter
585 2557 641 2604 teia
649 2557 767 2604 insenius

124 2645 334 2707 armigerumque
346 2645 423 2696 Remi
437 2647 540 2712 premit
552 2646 740 2706 aurigamque
750 2636 806 2684 sun
813 2629 893 2688 ‘Nm
