1808 2956
275 192 423 231 tenemus
442 194 529 231 niune
547 195 597 232 vn.
771 187 827 233 331

104 348 168 410 quin
182 349 261 395 etiam
273 349 356 410 patris
370 363 491 397 excussos
504 349 597 398 infeste
610 365 656 412 per
668 351 750 398 undas

50 441 83 484 00
104 451 169 483 ausu
180 436 254 499 sequi
269 444 293 484 et
305 436 422 498 profugis
436 445 490 485 toto
504 453 544 486 me
558 453 689 501 opponere
702 446 790 500 ponto.

103 523 256 586 absumptae
269 524 296 570 in
309 525 424 573 Teucros
437 527 502 574 vires
517 527 634 589 caelique
647 526 785 587 marisque.

103 611 166 674 quid
181 609 267 673 Syrtes
281 620 325 660 aut
338 610 426 674 Scylla
438 615 511 672 mihi,
527 615 589 677 quid
602 622 674 662 vaste
688 613 832 675 Charybdis

103 699 219 762 profuit?
239 707 328 763 optato
342 703 489 749 conduntur
501 703 639 764 Thybridis
654 704 734 760 alveo,

103 789 187 835 securi
201 789 288 850 pelagi
302 798 379 852 utque
391 791 451 838 mei.
480 791 549 838 Mars
562 793 668 854 perdere
681 800 784 852 gentem

50 881 81 924 35
103 877 235 924 inmanem
248 876 389 939 Lapithum
402 879 490 936 valuit,
507 881 634 927 concessit
646 880 672 926 in
687 880 737 926 iras

102 964 158 1025 ipse
171 964 248 1012 deum
261 966 394 1027 antiquam
407 967 509 1027 genitor
523 965 659 1028 Calydona
671 968 788 1024 Dianae;

103 1052 173 1113 quod
193 1052 277 1100 scelus
300 1061 344 1100 aut
363 1053 488 1116 Lapithes
511 1062 611 1101 tantum
631 1062 675 1102 unt
694 1054 830 1116 Calydone

405 1142 561 1190 merentem?

103 1235 142 1276 ast
155 1243 213 1290 ego,
229 1243 325 1290 magna
337 1229 405 1276 Iovis
420 1231 549 1288 coniunx,
571 1230 608 1278 nil
628 1230 744 1292 linquere
758 1230 831 1278 inau-

404 1332 461 1364 sum

102 1419 170 1466 quae
182 1404 254 1466 potui
268 1403 367 1463 infelix,
384 1420 450 1467 quse
463 1413 557 1453 memet
569 1406 596 1452 in
610 1407 698 1453 omnia
710 1407 782 1464 verti,

49 1498 82 1541 10
102 1493 192 1541 vincor
204 1491 236 1539 ab
250 1493 349 1540 Aenea.
378 1494 446 1555 quod
461 1493 481 1540 si
496 1508 553 1541 meu
566 1494 673 1540 numina
686 1509 739 1540 non
752 1501 813 1541 sunt

101 1595 198 1642 magna
222 1581 298 1639 sutis,
326 1581 440 1628 dubitem
462 1581 531 1628 hand
558 1581 678 1642 equidem
699 1581 830 1643 inplorare

405 1669 474 1731 quod
488 1677 630 1730 usquamst.

100 1758 203 1805 flectere
216 1757 236 1804 si
252 1771 351 1819 nequeo
365 1772 479 1820 superos,
496 1757 645 1805 Acheronta
658 1757 775 1805 movebo.

102 1859 155 1892 uon
169 1845 272 1892 debitur
284 1847 378 1906 reguis,
395 1853 457 1903 esto,
474 1845 610 1908 prohibere
623 1845 723 1892 Latinis

102 1942 180 1996 utque
193 1934 293 1981 inmota
305 1942 392 1981 munet
404 1933 467 1981 sutis
476 1933 586 1981 Lavinia
599 1935 728 1982 coniunx:

50 2028 81 2071 15
103 2030 130 2070 at
143 2022 244 2070 trahere
257 2029 335 2084 atque
348 2037 433 2070 moras
459 2022 536 2070 tantis
550 2023 611 2071 lieet
624 2023 718 2070 addere
731 2022 815 2081 rebus,

102 2117 130 2157 et
143 2110 203 2158 lieet
216 2109 351 2157 amborum
364 2111 474 2172 populos
488 2111 626 2159 excindere
639 2126 738 2171 regum.

101 2197 152 2246 hec
164 2213 244 2260 gener
257 2208 333 2260 atque
347 2213 420 2246 socer
433 2207 525 2246 coeant
536 2200 653 2247 mercede
667 2213 781 2245 suorum.

102 2286 230 2347 sanguiue
243 2286 357 2334 Troiano
371 2294 396 2334 et
408 2287 504 2335 Rutulo
519 2287 650 2346 dotsbere,
665 2287 746 2347 virgo,

103 2383 128 2423 et
140 2373 252 2422 Bellona
265 2382 352 2422 menet
363 2381 388 2422 te
402 2375 527 2437 pronuba.
555 2390 603 2423 nec
616 2375 672 2423 sace
685 2382 785 2422 tuntum

50 2469 82 2511 20
104 2461 200 2510 Cisseis
214 2477 341 2525 praegnas
355 2462 422 2523 iguis
436 2463 512 2510 enixu
526 2463 635 2524 iugales,

104 2550 168 2612 quin
180 2551 249 2598 idem
263 2551 357 2598 Veneri
371 2559 458 2612 partus
472 2565 533 2598 suos
547 2559 573 2598 et
584 2550 660 2598 Puris
671 2551 739 2597 ulter

99 2637 267 2700 funestaeque
279 2639 375 2688 iterum
390 2640 509 2691 recidive
520 2626 838 2704 intermissumue?
