1808 2956
26 108 84 154 316
265 117 290 155 Ρ.
307 114 428 154 i‘naornr
448 113 579 153 nanetus

92 273 233 320 succedunt
245 271 356 333 fessique
370 278 396 318 et
408 284 487 332 equos
502 277 528 318 et
540 284 651 332 corpora
665 279 768 321 curant.

127 362 164 408 At
176 359 264 408 Venus
278 359 405 407 aetherios
419 359 485 406 inter
498 359 547 406 dea
560 359 676 407 candida
689 360 792 407 nimbos

93 450 162 496 dona
175 449 259 496 ferens
272 449 371 506 aderat,
386 454 527 509 natumque
541 447 568 494 in
580 447 650 495 valle
663 449 774 497 reducta

23 542 73 586 610
93 544 121 585 ut
133 537 224 599 procul
237 543 262 584 et
274 536 361 598 gelido
375 542 501 583 secretum
514 534 619 582 flumine
632 535 709 595 vidit,

93 625 187 674 talibus
200 624 288 672 adfata
301 632 339 672 est
351 624 426 671 dictis
439 638 519 686 seque
532 623 626 671 obtulit
639 625 721 673 ultro.

89 703 133 762 ‘en
147 713 260 774 perfecta
273 712 322 760 mei
336 712 464 774 promissa
477 711 595 772 coniugis
609 720 666 760 arte

94 816 215 850 munera:
237 816 269 850 ne
283 815 344 848 mox
357 807 401 847 aut
413 800 559 858 Laurentis,
575 809 645 859 nate,
661 803 789 864 superbos

94 897 139 938 aut
151 905 236 938 acrem
250 890 350 937 dubites
363 889 390 936 in
403 889 503 951 proelia
516 903 621 951 poscere
635 882 777 938 Turnum'

25 983 74 1026 615
95 979 161 1026 dixit
172 986 197 1026 et
209 979 343 1040 amplexus
357 978 409 1024 nati
425 976 552 1039 Cytherea
565 977 663 1039 petivit,

95 1082 167 1115 arma
180 1068 226 1114 sub
240 1068 348 1115 adversa
360 1067 446 1129 posuit
458 1066 588 1114 radiantia
601 1081 710 1127 quercu.

94 1156 147 1214 ille,
164 1156 227 1203 deae
241 1156 315 1202 donis
329 1162 354 1202 et
367 1162 438 1201 tanto
452 1155 535 1203 laetus
549 1155 658 1213 honore,

95 1244 192 1306 expleri
206 1243 296 1304 nequit
310 1251 386 1305 utque
399 1244 490 1290 oculos
504 1258 550 1305 per
562 1243 667 1304 singula
679 1245 763 1293 volvit

95 1332 253 1394 miraturque
266 1331 383 1392 interque
395 1346 487 1378 manus
501 1338 526 1378 et
539 1330 661 1379 bracchia
674 1343 763 1382 versat

27 1426 77 1469 620
97 1421 237 1469 terribilem
250 1419 333 1467 cristis
346 1420 448 1480 galeam
461 1420 629 1481 flammasque
642 1432 792 1470 vomentem

97 1509 279 1572 fatiferumque
293 1522 388 1566 ensem,
405 1508 513 1555 loricam
526 1523 557 1556 ex
571 1523 629 1556 aere
642 1509 783 1571 rigentem,

97 1599 277 1660 sanguineam,
292 1597 438 1656 ingentem,
458 1597 542 1658 qualis
557 1613 615 1645 cum
629 1599 738 1648 caerula
751 1599 830 1648 nubes

98 1687 160 1735 solis
173 1686 313 1735 inardescit
325 1685 403 1733 radiis
418 1686 546 1747 longeque
559 1685 685 1746 refulget3

98 1782 152 1822 tum
166 1776 227 1823 levis
241 1788 329 1821 ocreas
343 1774 439 1821 electro
453 1788 568 1835 auroque
582 1781 685 1822 recocto

29 1867 78 1910 625
98 1863 251 1924 hastamque
265 1868 290 1909 et
302 1861 379 1923 clipei
393 1876 445 1908 non
459 1862 603 1910 enarrabile
616 1869 726 1912 textum.

100 1950 155 1998 illic
168 1965 208 1998 res
222 1950 300 1997 Italas
313 1948 542 2012 Romanorumque
555 1951 709 2013 triumphos

100 2039 169 2085 haud
182 2047 269 2086 vatum
282 2039 387 2099 ignarus
400 2040 550 2102 venturique
563 2039 658 2087 inscius
673 2041 739 2097 aevi,

101 2126 196 2175 fecerat
207 2126 364 2188 ignipotens,
378 2126 434 2174 illie
447 2140 528 2187 genus
542 2141 618 2174 omne
632 2128 736 2176 futurae

100 2214 186 2277 stirpis
200 2215 231 2261 ab
245 2215 359 2263 Ascanio
374 2221 540 2276 pugnataque
553 2216 580 2261 in
594 2216 684 2263 ordine
697 2217 779 2266 bella.

31 2310 81 2352 630
101 2303 197 2352 fecerat
209 2310 234 2351 et
246 2303 320 2350 viridi
334 2303 411 2350 fetam
424 2302 547 2349 Mavortis
560 2304 587 2349 in
601 2311 675 2350 antro

101 2391 268 2456 procubuisse
281 2392 379 2453 lupam,
394 2391 512 2452 geminos
526 2391 585 2438 huic
599 2391 679 2439 ubera
692 2393 792 2443 circum

101 2481 189 2529 ludere
202 2480 338 2543 pendentis
351 2493 444 2540 pucros
458 2486 483 2525 et
496 2478 610 2527 lambere
622 2489 731 2528 matrem

90 2570 243 2636 inpavidos,
260 2568 337 2620 illam
350 2568 426 2617 tereti
440 2566 540 2616 ceruice
550 2565 677 2612 reflexam
