1808 2956
61 179 99 229 98
299 187 325 224 P.
342 184 463 224 vunnim
484 182 615 222 unacum

129 343 264 393 advolvere
278 341 342 390 focis
355 341 438 388 ulmos
451 339 558 402 ignique
571 339 672 387 dedere.

129 432 171 480 hic
184 439 287 480 noctem
299 431 361 479 ludo
377 430 474 477 ducunt
487 436 512 477 et
524 428 619 490 pocula
632 427 694 476 laeti

59 520 255 584 3805fermento
269 527 346 582 atque
360 518 440 566 acidis
454 518 587 564 imitantur
600 515 668 563 vitea
680 515 773 563 sorbis.

130 610 189 657 talis
202 606 368 671 Hyperboreo
382 613 479 668 septem
492 604 607 652 subiecta
621 603 698 650 trioni

127 712 191 760 gens
205 697 301 745 effrena
313 695 395 741 virum
408 693 525 756 Rhipaeo
538 692 655 739 tunditur
668 706 731 741 euro

128 793 154 834 et
165 785 293 848 pecudum
306 783 382 830 fulvis
395 783 494 830 velatur
507 795 616 843 corpora
629 780 715 828 saetis.

165 872 192 922 si
206 873 252 920 tibi
266 871 385 920 lanitium
398 885 483 928 curae,
500 869 611 932 primurn
624 883 716 931 aspera
729 868 803 927 silva,

59 967 109 1011 385
130 963 274 1024 lappaeque
288 959 437 1021 tribulique,
453 959 554 1017 absint3
575 957 635 1018 fuge
648 956 747 1018 pabula
761 956 837 1004 laeta.

130 1049 305 1110 continuoque
317 1061 407 1109 greges
420 1047 487 1095 villis
500 1047 557 1107 lege
571 1045 692 1093 mollibus
707 1046 790 1094 albos.

129 1137 205 1185 illum
218 1143 311 1195 autem,
328 1135 444 1198 quamvis
457 1135 522 1183 aries
536 1135 570 1183 sit
583 1134 707 1184 candidus
720 1133 785 1197 ipse,

130 1226 204 1287 nigra
217 1225 304 1273 subest
316 1224 368 1272 udo
380 1231 480 1271 tantum
493 1223 534 1272 cui
547 1223 638 1284 lingua
651 1207 749 1285 palato,

130 1313 205 1373 reice,
221 1328 254 1362 ne
267 1312 375 1362 maculis
388 1311 498 1360 infuscet
510 1311 606 1359 vellera
619 1310 698 1373 pullis

59 1407 110 1450 390
129 1409 290 1460 nascentum,
306 1401 436 1464 plenoque
450 1401 530 1448 alium
542 1399 710 1460 circumspice
724 1414 826 1462 campo.

129 1504 235 1538 munere
248 1491 284 1539 sic
298 1491 372 1538 niveo
385 1491 470 1548 lanae,
486 1489 507 1536 si
521 1488 624 1536 credere
640 1487 781 1549 dignumst,

128 1578 184 1626 Pan
198 1578 261 1626 deus
274 1578 402 1628 Arcadiae
416 1584 518 1640 captam
532 1583 565 1636 te,
580 1575 665 1635 Luna,
681 1576 783 1634 fefellit,

129 1666 156 1713 in
168 1681 275 1715 nemora
286 1667 340 1715 alta
350 1681 459 1724 vocans3
474 1680 522 1714 nec
534 1671 561 1712 tu
569 1670 707 1726 aspernata
713 1671 853 1713 vocantem.

165 1755 201 1802 At
214 1755 254 1802 cui
268 1755 343 1802 lactis
357 1769 444 1816 amor,
465 1755 573 1816 cytisum
585 1754 706 1815 lotosque
719 1751 856 1815 frequentis

59 1847 110 1891 395
130 1843 185 1906 ipse
197 1857 277 1890 manu
290 1843 423 1904 salsasque
437 1843 502 1890 ferat
514 1841 681 1906 praesepibus
695 1841 798 1889 herbas.

129 1931 191 1980 hinc
203 1939 228 1979 et
240 1938 329 1980 amant
340 1931 430 1979 fluvios
441 1931 524 1992 magis
538 1937 562 1978 et
573 1930 656 1992 magis
663 1913 745 1978 ubera
752 1931 857 1981 tendunt

130 2026 156 2068 et
168 2019 229 2068 salis
243 2020 374 2068 occultum
387 2019 500 2069 referunt
513 2019 539 2065 in
553 2019 620 2067 lacte
633 2032 762 2080 saporem.

131 2108 206 2155 multi
219 2108 272 2155 iam
285 2114 401 2156 excretos
414 2108 552 2169 prohibent
565 2123 581 2155 a
593 2107 718 2154 matribus
732 2107 830 2157 haedos

130 2195 265 2258 primaque
277 2195 377 2244 ferratis
388 2197 536 2258 ‚praefigunt
549 2211 596 2244 ora
608 2195 735 2258 capistris.

60 2288 111 2331 400
131 2284 201 2346 quod
214 2291 334 2347 surgente
348 2284 388 2332 die
401 2285 512 2333 mulsere
526 2286 648 2347 horisque
661 2285 770 2344 diurnis,

130 2379 346 2437 noctepremunt3
361 2373 431 2434 quod
444 2373 497 2421 iam
509 2374 620 2422 tenebris
633 2380 658 2422 et
670 2373 727 2421 sole
740 2374 856 2431 cadente,

131 2460 178 2506 sub
191 2462 428 2524 lucemexportans
442 2461 550 2510 calathis
569 2462 622 2510 adit
640 2460 737 2524 oppida
753 2469 855 2524 pastor:

132 2554 177 2595 aut
189 2562 268 2610 pareo
281 2549 336 2596 sale
349 2549 521 2610 continguont
533 2550 662 2612 hiemique
675 2557 815 2610 reponunt.

166 2634 220 2683 Nec
233 2635 279 2683 tibi
294 2651 356 2684 cura
368 2651 462 2684 canum
474 2637 550 2686 fuerit
563 2645 701 2700 postrema,
718 2637 764 2686 sed
777 2653 831 2686 una
