1808 2956
87 163 150 210 464
329 171 355 208 Ρ.
373 168 493 207 VERGlLI
516 166 650 206 MARONIS

88 333 143 376 380
162 327 260 390 primus
273 326 344 374 ades.
372 326 415 372 sed
429 338 482 371 non
495 324 620 384 replenda
634 332 673 372 est
686 327 765 375 curia
778 326 867 385 verbis,

162 429 229 478 quae
242 422 297 462 tuto
317 414 362 461 tibi
377 428 472 475 magna
484 413 582 471 volunt,
599 413 661 459 dum
675 413 789 464 distinet
803 414 889 463 hostem

162 518 242 565 agger
254 516 387 549 murorum
400 516 448 549 nee
461 500 589 549 inundant
603 501 736 562 sangnine
750 503 846 552 fossae.

162 591 271 654 proinde
289 597 351 638 tona
365 590 470 652 eloquio
484 587 602 650 (solitum
615 588 675 652 tibi)
689 604 789 654 meque
803 591 886 640 timon

162 688 290 741 arguam,
306 679 418 736 Drance,
435 677 539 740 quando
553 684 592 724 tot
604 678 698 738 stragis
713 694 826 728 acervos

88 774 142 818 385
162 769 322 816 Teucrorum
335 774 379 814 tua
393 768 483 815 dextra
495 765 566 812 dedit
579 765 732 828 passimque
746 768 859 832 tropaeis

162 837 271 918 insignis
285 870 370 917 agros.
397 856 479 918 possit
492 854 553 916 quid
567 854 653 901 vivida
666 855 750 904 virtus

163 946 295 1007 experiare
307 944 382 992 licet:
404 959 451 991 nee
465 944 542 1003 longe
555 942 654 990 seilicet
667 942 758 993 hostes

163 1033 301 1096 quaerendi
316 1032 407 1092 nobis3
428 1032 594 1079 circumstant
607 1030 726 1093 undique
741 1049 841 1084 muros.

163 1123 229 1170 imus
243 1122 269 1168 in
283 1121 423 1169 adversos?
442 1120 503 1183 quid
519 1118 618 1166 cessas?
638 1133 671 1165 an
687 1119 735 1168 tibi
751 1123 854 1172 Mavors

89 1216 143 1259 390
163 1218 268 1276 ventosa
280 1209 308 1255 in
320 1211 410 1270 lingua
423 1208 583 1271 pedibusque
596 1207 735 1268 fugacibus
750 1211 808 1261 istis

162 1313 263 1360 semper
277 1298 342 1346 erit?

162 1387 251 1450 pulsus
274 1387 340 1448 ego?
365 1394 410 1434 aut
435 1387 572 1449 quisquam
597 1384 705 1445 merito,
737 1387 887 1445 foedissime,

464 1475 567 1537 pulsum

163 1572 261 1627 arguet,
277 1564 358 1612 Iliaco
373 1563 499 1610 tumidum
513 1562 556 1624 qui
571 1575 685 1610 creseere
699 1563 832 1628 Thybrim

162 1655 288 1716 sanguine
302 1661 327 1701 et
339 1652 454 1700 Euandri
468 1659 549 1698 totam
562 1664 621 1698 cum
634 1650 713 1713 stirpe
727 1654 831 1704 videbit

89 1748 142 1792 395
163 1742 329 1805 procubuisse
343 1743 457 1798 domum,
474 1747 550 1801 atque
564 1745 655 1786 exutos
669 1741 792 1792 Arcadas
806 1739 889 1793 armis?

163 1832 231 1878 haud
245 1831 281 1879 ita
294 1845 335 1878 me
349 1830 446 1892 experti
460 1829 541 1876 Bitias
555 1835 580 1875 et
591 1827 728 1877 Pandarus
743 1831 840 1895 ingens

163 1927 187 1968 ct
200 1935 264 1981 quos
278 1919 349 1966 mille
363 1919 403 1965 die
416 1918 497 1965 victor
510 1917 557 1963 sub
571 1916 682 1964 Tartara
694 1918 765 1978 misi,

161 2008 276 2056 inclusus
290 2007 370 2055 muris
383 2006 523 2067 hostilique
537 2019 631 2066 aggere
644 2014 761 2068 saeptus.

161 2097 235 2145 nulla
247 2097 318 2144 salus
331 2095 409 2143 bello.
438 2095 514 2156 capiti
530 2094 677 2151 carneadia,
694 2095 817 2158 demens,

90 2191 142 2233 400
161 2185 296 2232 Dardanio
309 2183 436 2245 rebusque
450 2184 508 2230 tuis.
536 2181 644 2245 proinde
658 2183 748 2230 omnia
764 2200 864 2248 magno

162 2289 194 2322 ne
207 2288 278 2322 cessa
292 2272 395 2320 turbare
408 2280 477 2320 metu
491 2280 568 2333 atque
582 2271 707 2318 extollere
719 2271 790 2322 vires

161 2363 244 2425 gentis
258 2361 296 2409 bis
309 2361 400 2418 victae,
417 2368 506 2408 contra
519 2374 634 2423 premere
647 2374 721 2407 arma
733 2359 837 2411 Latini.

162 2466 231 2499 nunc
250 2458 275 2499 er
286 2449 478 2511 Myrmidonum
498 2461 617 2511 proceres
630 2447 745 2510 Phrygia
760 2466 837 2501 arma
852 2462 896 2501 tre·

461 2545 586 2594 meseum,

153 2645 226 2682 nune
241 2638 266 2682 et
279 2629 397 2697 Tydides
412 2636 437 2678 ct
446 2627 589 2677 Larisaeus
604 2623 729 2677 nebulas,
