1808 2956
245 213 393 253 AENEIDOS
411 215 499 253 LIBER
515 214 567 253 VII.
744 206 781 252 34
793 209 799 250 l

78 371 149 418 haud
162 378 234 432 pater
246 369 291 418 illc
304 369 373 428 velit,
389 371 481 416 summi
494 377 617 431 regnator
630 369 743 433 Olympi.

79 459 142 507 cede
155 457 228 506 locis.
256 472 314 519 ego,
330 458 405 520 siqua
418 473 494 520 super
507 457 610 506 fortuna
624 459 774 517 laborumst,

32 553 58 596 30
79 547 137 609 ipsa
149 537 259 608 regam'
282 547 346 594 tales
360 547 467 594 dederat
479 545 601 595 Saturnia
613 562 702 595 voees:

78 636 125 685 illa
137 643 223 684 autem
237 635 333 683 attollit
345 634 481 682 stridentes
494 634 621 696 anguibus
634 636 689 683 alas

80 722 224 786 Cocytique
236 723 300 785 petit
312 723 408 781 sedem,
423 737 516 785 supera
529 723 610 771 ardua
622 723 751 784 linquens.
831 756 834 763 .

79 821 118 860 est
130 813 202 860 locus
217 811 308 859 Italiae
321 812 406 859 medio
420 811 467 858 sub
480 810 611 858 montibus
624 812 692 870 altis,

80 899 175 947 nobilis
189 899 295 947 etfama
308 900 395 947 multis
409 908 565 947 memoratus
578 900 606 946 in
619 901 679 956 oris,

32 994 58 1038 55
79 988 232 1050 Ampsancti
244 989 324 1036 valles
330 1005 339 1057 3
360 988 445 1036 densis
459 987 529 1035 hunc
541 987 675 1034 frondibus
689 995 775 1035 aniam

81 1085 173 1138 urguet
184 1077 313 1138 utrimque
326 1077 393 1124 latus
407 1076 518 1123 nemoris
532 1076 670 1137 medioque
689 1075 806 1136 fragosus

80 1166 125 1213 dat
138 1165 251 1213 sonitum
264 1165 333 1212 saxis
347 1171 372 1212 et
384 1172 452 1211 torto
465 1165 559 1212 vertice
572 1172 680 1213 torrens.

80 1253 122 1301 hic
135 1267 226 1315 specus
240 1252 398 1301 horrendum
411 1260 436 1300 et
448 1253 517 1302 saevi
530 1252 659 1315 spiracula
672 1252 740 1299 Ditis

80 1349 256 1390 monstrantur
268 1349 396 1403 ruptoque
408 1341 500 1403 ingens
514 1341 660 1389 Acheronte
673 1355 770 1402 vorago

32 1436 60 1480 to
80 1429 213 1492 pestiferas
226 1430 309 1492 aperit
321 1429 417 1488 fauces,
434 1430 491 1492 quis
505 1430 609 1478 condita
623 1430 716 1491 erinys,

79 1518 190 1566 invisum
203 1532 307 1575 numen,
323 1525 402 1566 terras
417 1520 568 1580 caelumque
581 1518 691 1566 levabat.

114 1605 168 1655 Nec
181 1607 265 1654 minus
279 1607 376 1654 interea
389 1613 530 1654 extremam
544 1603 666 1653 Saturnia
678 1605 747 1654 bello

79 1695 182 1757 inponit
194 1695 284 1756 regina
297 1709 412 1743 manum.
439 1694 491 1741 ruit
504 1694 587 1741 omnis
600 1694 627 1740 in
641 1693 730 1740 urbem

79 1791 212 1847 pastorum
226 1799 257 1832 ex
270 1783 326 1831 acic
339 1796 459 1830 numerus
473 1796 613 1843 caesosque
626 1789 759 1842 reportant

32 1878 58 1922 l5
80 1873 221 1920 Almonem
233 1887 341 1934 puerum
354 1871 502 1932 foedatique
516 1885 561 1919 ora
575 1868 678 1918 Galaesi

79 1961 262 2023 inplorantque
276 1960 336 2008 deos
352 1959 562 2020 obtestanturque
574 1958 706 2008 Latinum.

79 2050 182 2097 Turnus
196 2049 269 2097 adest
282 2048 420 2109 medioque
432 2048 459 2094 in
474 2047 581 2095 crimine
594 2047 679 2095 caedis
693 2053 718 2094 et
730 2047 785 2108 igni

79 2147 202 2186 terrorem
214 2137 366 2198 ingeminat,
381 2136 496 2184 Teucros
508 2135 536 2183 in
550 2150 629 2196 regna
642 2136 737 2193 vocari,

79 2226 186 2288 stirpem
198 2225 334 2273 admisceri
347 2224 496 2286 Phrygiam,
512 2238 539 2272 se
551 2224 640 2271 limine
653 2223 724 2284 pelli.

32 2319 60 2362 30
81 2321 135 2361 tum
154 2328 264 2376 quorum
282 2313 407 2361 attonitae
423 2311 528 2360 Baccho
551 2325 657 2360 nemora
674 2310 732 2362 avia
753 2325 804 2358 ma·

380 2409 431 2448 tres

78 2491 204 2539 insultant
217 2489 307 2537 thiasis
321 2489 416 2551 (neque
430 2489 567 2537 enimleve
579 2501 674 2534 nomon
684 2485 808 2548 Amatae)

78 2579 193 2641 undiquc
207 2578 308 2626 collecti
323 2585 418 2626 coeunt
429 2577 598 2638 Martemque
607 2575 739 2631 tangam.

71 2666 144 2713 ilicet
154 2666 296 2717 infandum
310 2669 401 2720 cuncti
416 2677 519 2718 contra
531 2664 629 2713 oniina
634 2654 765 2704 methuma
