<?xml version="1.0" encoding="UTF-8"?>
<!DOCTYPE html PUBLIC "-//W3C//DTD XHTML 1.0 Transitional//EN"
    "http://www.w3.org/TR/xhtml1/DTD/xhtml1-transitional.dtd">
<html xmlns="http://www.w3.org/1999/xhtml" xml:lang="en" lang="en">
 <head>
  <title>
</title>
<meta http-equiv="Content-Type" content="text/html;charset=utf-8" />
  <meta name='ocr-system' content='tesseract 3.04.00' />
  <meta name='ocr-capabilities' content='ocr_page ocr_carea ocr_par ocr_line ocrx_word'/>
</head>
<body>
  <div class='ocr_page' id='page_1' title='image "./pvergiliusmaro00virggoog/pvergiliusmaro00virggoog_0349.png"; bbox 0 0 1808 2956; ppageno 0'>
   <div class='ocr_carea' id='block_1_1' title="bbox 61 169 617 214">
    <p class='ocr_par' dir='ltr' id='par_1_1' title="bbox 61 169 617 214">
     <span class='ocr_line' id='line_1_1' title="bbox 61 169 617 214; baseline -0.002 0"><span class='ocrx_word' id='word_1_1' title='bbox 61 169 121 214; x_wconf 73' lang='lat'>350</span> <span class='ocrx_word' id='word_1_2' title='bbox 298 176 324 214; x_wconf 81' lang='grc' dir='ltr'>Ρ.</span> <span class='ocrx_word' id='word_1_3' title='bbox 341 174 462 213; x_wconf 67' lang='lat' dir='ltr'>i&#39;uncun</span> <span class='ocrx_word' id='word_1_4' title='bbox 483 175 617 214; x_wconf 65' lang='lat' dir='ltr'>HABONIS</span> 
     </span>
    </p>
   </div>
   <div class='ocr_carea' id='block_1_2' title="bbox 61 330 887 2704">
    <p class='ocr_par' dir='ltr' id='par_1_2' title="bbox 128 330 887 571">
     <span class='ocr_line' id='line_1_2' title="bbox 128 330 835 394; baseline -0.006 -12"><span class='ocrx_word' id='word_1_5' title='bbox 128 343 182 382; x_wconf 84' lang='lat' dir='ltr'>tam</span> <span class='ocrx_word' id='word_1_6' title='bbox 195 333 278 394; x_wconf 83' lang='lat' dir='ltr'>magis</span> <span class='ocrx_word' id='word_1_7' title='bbox 291 332 337 378; x_wconf 94' lang='lat' dir='ltr'>illa</span> <span class='ocrx_word' id='word_1_8' title='bbox 350 330 461 378; x_wconf 79' lang='lat' dir='ltr'>fremens</span> <span class='ocrx_word' id='word_1_9' title='bbox 474 339 499 378; x_wconf 86' lang='lat' dir='ltr'>et</span> <span class='ocrx_word' id='word_1_10' title='bbox 512 330 630 379; x_wconf 87' lang='lat' dir='ltr'>tristibus</span> <span class='ocrx_word' id='word_1_11' title='bbox 643 331 728 382; x_wconf 83' lang='lat' dir='ltr'>effera</span> <span class='ocrx_word' id='word_1_12' title='bbox 739 333 835 382; x_wconf 86' lang='lat' dir='ltr'>flammis</span> 
     </span>
     <span class='ocr_line' id='line_1_3' title="bbox 130 419 887 486; baseline 0.003 -17"><span class='ocrx_word' id='word_1_13' title='bbox 130 437 208 485; x_wconf 88' lang='lat' dir='ltr'>qnam</span> <span class='ocrx_word' id='word_1_14' title='bbox 221 421 303 482; x_wconf 82' lang='lat' dir='ltr'>magis</span> <span class='ocrx_word' id='word_1_15' title='bbox 316 419 398 468; x_wconf 77' lang='lat' dir='ltr'>effuse</span> <span class='ocrx_word' id='word_1_16' title='bbox 411 419 566 467; x_wconf 90' lang='lat' dir='ltr'>crudescunt</span> <span class='ocrx_word' id='word_1_17' title='bbox 578 421 712 482; x_wconf 83' lang='lat' dir='ltr'>sanguine</span> <span class='ocrx_word' id='word_1_18' title='bbox 725 435 828 486; x_wconf 79' lang='lat' dir='ltr'>pugnae·</span> <span class='ocrx_word' id='word_1_19' title='bbox 871 431 887 477; x_wconf 77' lang='lat' dir='ltr'>ils</span> 
     </span>
     <span class='ocr_line' id='line_1_4' title="bbox 130 507 681 571; baseline -0.002 -13"><span class='ocrx_word' id='word_1_20' title='bbox 130 520 157 558; x_wconf 83' lang='lat' dir='ltr'>at</span> <span class='ocrx_word' id='word_1_21' title='bbox 169 511 251 559; x_wconf 80' lang='lat' dir='ltr'>levem</span> <span class='ocrx_word' id='word_1_22' title='bbox 264 510 377 571; x_wconf 89' lang='lat' dir='ltr'>clipeum</span> <span class='ocrx_word' id='word_1_23' title='bbox 389 507 498 555; x_wconf 88' lang='lat' dir='ltr'>sublatis</span> <span class='ocrx_word' id='word_1_24' title='bbox 511 507 635 556; x_wconf 87' lang='lat' dir='ltr'>cornibus</span> <span class='ocrx_word' id='word_1_25' title='bbox 650 509 681 557; x_wconf 89' lang='lat' dir='ltr'>Io</span> 
     </span>
    </p>

    <p class='ocr_par' dir='ltr' id='par_1_3' title="bbox 61 595 818 1015">
     <span class='ocr_line' id='line_1_5' title="bbox 61 595 766 658; baseline 0 -10"><span class='ocrx_word' id='word_1_26' title='bbox 61 604 111 648; x_wconf 75' lang='lat'>790</span> <span class='ocrx_word' id='word_1_27' title='bbox 131 614 194 646; x_wconf 85' lang='lat' dir='ltr'>auro</span> <span class='ocrx_word' id='word_1_28' title='bbox 206 596 357 658; x_wconf 86' lang='lat' dir='ltr'>insignibat,</span> <span class='ocrx_word' id='word_1_29' title='bbox 371 597 423 643; x_wconf 91' lang='lat' dir='ltr'>iarn</span> <span class='ocrx_word' id='word_1_30' title='bbox 435 596 513 644; x_wconf 85' lang='lat' dir='ltr'>saetis</span> <span class='ocrx_word' id='word_1_31' title='bbox 526 595 621 655; x_wconf 87' lang='lat' dir='ltr'>obsita,</span> <span class='ocrx_word' id='word_1_32' title='bbox 637 598 693 647; x_wconf 81' lang='lat' dir='ltr'>iarn</span> <span class='ocrx_word' id='word_1_33' title='bbox 707 599 766 658; x_wconf 85' lang='lat' dir='ltr'>bos,</span> 
     </span>
     <span class='ocr_line' id='line_1_6' title="bbox 131 685 788 750; baseline 0.003 -16"><span class='ocrx_word' id='word_1_34' title='bbox 131 696 310 749; x_wconf 78' lang='lat' dir='ltr'><strong>argumentum</strong></span> <span class='ocrx_word' id='word_1_35' title='bbox 323 685 424 746; x_wconf 83' lang='lat' dir='ltr'>ingens,</span> <span class='ocrx_word' id='word_1_36' title='bbox 439 692 464 732; x_wconf 87' lang='lat' dir='ltr'>et</span> <span class='ocrx_word' id='word_1_37' title='bbox 477 692 563 731; x_wconf 89' lang='lat' dir='ltr'>custos</span> <span class='ocrx_word' id='word_1_38' title='bbox 576 685 686 747; x_wconf 82' lang='lat' dir='ltr'>virginis</span> <span class='ocrx_word' id='word_1_39' title='bbox 701 689 788 750; x_wconf 80' lang='lat' dir='ltr'>Argus</span> 
     </span>
     <span class='ocr_line' id='line_1_7' title="bbox 131 773 818 838; baseline -0.001 -14"><span class='ocrx_word' id='word_1_40' title='bbox 131 777 281 838; x_wconf 71' lang='lat' dir='ltr'>caelataque</span> <span class='ocrx_word' id='word_1_41' title='bbox 294 788 397 822; x_wconf 89' lang='lat' dir='ltr'>amnem</span> <span class='ocrx_word' id='word_1_42' title='bbox 409 773 520 820; x_wconf 83' lang='lat' dir='ltr'>fundens</span> <span class='ocrx_word' id='word_1_43' title='bbox 533 781 607 835; x_wconf 86' lang='lat' dir='ltr'>pater</span> <span class='ocrx_word' id='word_1_44' title='bbox 618 775 738 824; x_wconf 78' lang='lat' dir='ltr'>Inachus</span> <span class='ocrx_word' id='word_1_45' title='bbox 751 791 818 824; x_wconf 84' lang='lat' dir='ltr'>urna.</span> 
     </span>
     <span class='ocr_line' id='line_1_8' title="bbox 131 861 774 926; baseline 0.003 -14"><span class='ocrx_word' id='word_1_46' title='bbox 131 864 275 926; x_wconf 82' lang='lat' dir='ltr'>insequitur</span> <span class='ocrx_word' id='word_1_47' title='bbox 287 862 390 910; x_wconf 78' lang='lat' dir='ltr'>nimbus</span> <span class='ocrx_word' id='word_1_48' title='bbox 402 861 518 924; x_wconf 89' lang='lat' dir='ltr'>peditum</span> <span class='ocrx_word' id='word_1_49' title='bbox 531 861 698 925; x_wconf 77' lang='lat' dir='ltr'>clipeataque</span> <span class='ocrx_word' id='word_1_50' title='bbox 712 866 774 914; x_wconf 85' lang='lat' dir='ltr'>totis</span> 
     </span>
     <span class='ocr_line' id='line_1_9' title="bbox 132 951 773 1015; baseline 0.005 -16"><span class='ocrx_word' id='word_1_51' title='bbox 132 954 236 1015; x_wconf 80' lang='lat' dir='ltr'>agmina</span> <span class='ocrx_word' id='word_1_52' title='bbox 249 952 389 999; x_wconf 86' lang='lat' dir='ltr'>densentur</span> <span class='ocrx_word' id='word_1_53' title='bbox 401 951 508 1013; x_wconf 89' lang='lat' dir='ltr'>campis,</span> <span class='ocrx_word' id='word_1_54' title='bbox 523 951 677 1013; x_wconf 83' lang='lat' dir='ltr'>Argivaque</span> <span class='ocrx_word' id='word_1_55' title='bbox 689 953 773 1015; x_wconf 87' lang='lat' dir='ltr'>pubes</span> 
     </span>
    </p>

    <p class='ocr_par' dir='ltr' id='par_1_4' title="bbox 62 1039 853 1456">
     <span class='ocr_line' id='line_1_10' title="bbox 62 1039 808 1103; baseline -0.005 -11"><span class='ocrx_word' id='word_1_56' title='bbox 62 1049 112 1095; x_wconf 79' lang='lat'>795</span> <span class='ocrx_word' id='word_1_57' title='bbox 132 1045 322 1102; x_wconf 81' lang='lat' dir='ltr'>Auruncaeque</span> <span class='ocrx_word' id='word_1_58' title='bbox 335 1054 435 1097; x_wconf 86' lang='lat' dir='ltr'>manus,</span> <span class='ocrx_word' id='word_1_59' title='bbox 451 1039 539 1086; x_wconf 86' lang='lat' dir='ltr'>Rutuli</span> <span class='ocrx_word' id='word_1_60' title='bbox 553 1047 706 1103; x_wconf 80' lang='lat' dir='ltr'>veteresque</span> <span class='ocrx_word' id='word_1_61' title='bbox 720 1040 808 1091; x_wconf 86' lang='lat' dir='ltr'>Sicani</span> 
     </span>
     <span class='ocr_line' id='line_1_11' title="bbox 132 1127 698 1190; baseline -0.004 -11"><span class='ocrx_word' id='word_1_62' title='bbox 132 1138 157 1180; x_wconf 84' lang='lat' dir='ltr'>et</span> <span class='ocrx_word' id='word_1_63' title='bbox 169 1129 299 1178; x_wconf 82' lang='lat' dir='ltr'>Sacranae</span> <span class='ocrx_word' id='word_1_64' title='bbox 312 1129 380 1176; x_wconf 88' lang='lat' dir='ltr'>acies</span> <span class='ocrx_word' id='word_1_65' title='bbox 393 1136 418 1175; x_wconf 86' lang='lat' dir='ltr'>et</span> <span class='ocrx_word' id='word_1_66' title='bbox 429 1127 492 1190; x_wconf 88' lang='lat' dir='ltr'>picti</span> <span class='ocrx_word' id='word_1_67' title='bbox 504 1135 578 1175; x_wconf 81' lang='lat' dir='ltr'>scuta</span> <span class='ocrx_word' id='word_1_68' title='bbox 589 1127 698 1189; x_wconf 81' lang='lat' dir='ltr'>Labici3</span> 
     </span>
     <span class='ocr_line' id='line_1_12' title="bbox 132 1216 797 1281; baseline 0.003 -15"><span class='ocrx_word' id='word_1_69' title='bbox 132 1219 176 1281; x_wconf 93' lang='lat' dir='ltr'>qui</span> <span class='ocrx_word' id='word_1_70' title='bbox 189 1219 279 1274; x_wconf 89' lang='lat' dir='ltr'>saltus,</span> <span class='ocrx_word' id='word_1_71' title='bbox 294 1216 425 1275; x_wconf 84' lang='lat' dir='ltr'>Tiberine,</span> <span class='ocrx_word' id='word_1_72' title='bbox 440 1225 507 1275; x_wconf 86' lang='lat' dir='ltr'>tuos,</span> <span class='ocrx_word' id='word_1_73' title='bbox 523 1231 678 1280; x_wconf 89' lang='lat' dir='ltr'>sacrumque</span> <span class='ocrx_word' id='word_1_74' title='bbox 691 1218 797 1268; x_wconf 84' lang='lat' dir='ltr'>Numici</span> 
     </span>
     <span class='ocr_line' id='line_1_13' title="bbox 132 1304 818 1367; baseline 0.004 -12"><span class='ocrx_word' id='word_1_75' title='bbox 132 1308 193 1355; x_wconf 89' lang='lat' dir='ltr'>litus</span> <span class='ocrx_word' id='word_1_76' title='bbox 206 1312 289 1363; x_wconf 88' lang='lat' dir='ltr'>arant,</span> <span class='ocrx_word' id='word_1_77' title='bbox 304 1304 465 1367; x_wconf 87' lang='lat' dir='ltr'>Rutulosque</span> <span class='ocrx_word' id='word_1_78' title='bbox 477 1312 599 1353; x_wconf 85' lang='lat' dir='ltr'>exercent</span> <span class='ocrx_word' id='word_1_79' title='bbox 610 1320 716 1356; x_wconf 89' lang='lat' dir='ltr'>vomere</span> <span class='ocrx_word' id='word_1_80' title='bbox 730 1309 818 1365; x_wconf 84' lang='lat' dir='ltr'>colles,</span> 
     </span>
     <span class='ocr_line' id='line_1_14' title="bbox 133 1393 853 1456; baseline -0.004 -13"><span class='ocrx_word' id='word_1_81' title='bbox 133 1395 321 1456; x_wconf 86' lang='lat' dir='ltr'>Circaeumque</span> <span class='ocrx_word' id='word_1_82' title='bbox 334 1393 437 1455; x_wconf 84' lang='lat' dir='ltr'>iugum,</span> <span class='ocrx_word' id='word_1_83' title='bbox 457 1393 514 1455; x_wconf 90' lang='lat' dir='ltr'>quis</span> <span class='ocrx_word' id='word_1_84' title='bbox 526 1394 642 1456; x_wconf 89' lang='lat' dir='ltr'>Iuppiter</span> <span class='ocrx_word' id='word_1_85' title='bbox 655 1397 784 1446; x_wconf 86' lang='lat' dir='ltr'>Anxurus</span> <span class='ocrx_word' id='word_1_86' title='bbox 801 1393 853 1444; x_wconf 76' lang='lat' dir='ltr'>artis</span> 
     </span>
    </p>

    <p class='ocr_par' dir='ltr' id='par_1_5' title="bbox 63 1481 843 1726">
     <span class='ocr_line' id='line_1_15' title="bbox 63 1481 747 1547; baseline -0.004 -12"><span class='ocrx_word' id='word_1_87' title='bbox 63 1491 113 1535; x_wconf 72' lang='lat'>800</span> <span class='ocrx_word' id='word_1_88' title='bbox 133 1484 271 1547; x_wconf 84' lang='lat' dir='ltr'>praesidet,</span> <span class='ocrx_word' id='word_1_89' title='bbox 287 1488 312 1530; x_wconf 88' lang='lat' dir='ltr'>et</span> <span class='ocrx_word' id='word_1_90' title='bbox 324 1481 398 1529; x_wconf 85' lang='lat' dir='ltr'>viridi</span> <span class='ocrx_word' id='word_1_91' title='bbox 411 1482 528 1543; x_wconf 84' lang='lat' dir='ltr'>gaudens</span> <span class='ocrx_word' id='word_1_92' title='bbox 541 1482 653 1532; x_wconf 79' lang='lat' dir='ltr'>Feronia</span> <span class='ocrx_word' id='word_1_93' title='bbox 666 1484 747 1545; x_wconf 89' lang='lat' dir='ltr'>luco;</span> 
     </span>
     <span class='ocr_line' id='line_1_16' title="bbox 133 1570 843 1636; baseline 0.001 -14"><span class='ocrx_word' id='word_1_94' title='bbox 133 1590 185 1636; x_wconf 88' lang='lat' dir='ltr'>qua</span> <span class='ocrx_word' id='word_1_95' title='bbox 198 1571 306 1622; x_wconf 88' lang='lat' dir='ltr'>Saturae</span> <span class='ocrx_word' id='word_1_96' title='bbox 319 1570 385 1619; x_wconf 86' lang='lat' dir='ltr'>iacet</span> <span class='ocrx_word' id='word_1_97' title='bbox 398 1579 454 1619; x_wconf 87' lang='lat' dir='ltr'>atra</span> <span class='ocrx_word' id='word_1_98' title='bbox 467 1571 542 1633; x_wconf 89' lang='lat' dir='ltr'>palus</span> <span class='ocrx_word' id='word_1_99' title='bbox 554 1571 711 1634; x_wconf 79' lang='lat' dir='ltr'>gelidusque</span> <span class='ocrx_word' id='word_1_100' title='bbox 725 1588 773 1636; x_wconf 90' lang='lat' dir='ltr'>per</span> <span class='ocrx_word' id='word_1_101' title='bbox 785 1574 843 1622; x_wconf 77' lang='lat' dir='ltr'>imas</span> 
     </span>
     <span class='ocr_line' id='line_1_17' title="bbox 133 1659 836 1726; baseline -0.004 -15"><span class='ocrx_word' id='word_1_102' title='bbox 133 1662 233 1726; x_wconf 88' lang='lat' dir='ltr'>quaerit</span> <span class='ocrx_word' id='word_1_103' title='bbox 246 1661 294 1708; x_wconf 84' lang='lat' dir='ltr'>iter</span> <span class='ocrx_word' id='word_1_104' title='bbox 306 1659 386 1707; x_wconf 84' lang='lat' dir='ltr'>valles</span> <span class='ocrx_word' id='word_1_105' title='bbox 399 1665 477 1720; x_wconf 90' lang='lat' dir='ltr'>atque</span> <span class='ocrx_word' id='word_1_106' title='bbox 490 1659 516 1705; x_wconf 94' lang='lat' dir='ltr'>in</span> <span class='ocrx_word' id='word_1_107' title='bbox 530 1674 601 1708; x_wconf 89' lang='lat' dir='ltr'>mare</span> <span class='ocrx_word' id='word_1_108' title='bbox 614 1661 738 1709; x_wconf 81' lang='lat' dir='ltr'>conditur</span> <span class='ocrx_word' id='word_1_109' title='bbox 750 1662 836 1712; x_wconf 80' lang='lat' dir='ltr'>Ufens.</span> 
     </span>
    </p>

    <p class='ocr_par' dir='ltr' id='par_1_6' title="bbox 133 1747 824 1901">
     <span class='ocr_line' id='line_1_18' title="bbox 169 1747 812 1811; baseline 0.003 -13"><span class='ocrx_word' id='word_1_110' title='bbox 169 1751 223 1798; x_wconf 87' lang='lat' dir='ltr'>llos</span> <span class='ocrx_word' id='word_1_111' title='bbox 236 1763 313 1811; x_wconf 88' lang='lat' dir='ltr'>super</span> <span class='ocrx_word' id='word_1_112' title='bbox 325 1748 428 1796; x_wconf 80' lang='lat' dir='ltr'>advenit</span> <span class='ocrx_word' id='word_1_113' title='bbox 441 1747 538 1795; x_wconf 89' lang='lat' dir='ltr'>Volsca</span> <span class='ocrx_word' id='word_1_114' title='bbox 551 1748 583 1796; x_wconf 88' lang='lat' dir='ltr'>de</span> <span class='ocrx_word' id='word_1_115' title='bbox 596 1755 673 1809; x_wconf 84' lang='lat' dir='ltr'>gente</span> <span class='ocrx_word' id='word_1_116' title='bbox 687 1748 812 1810; x_wconf 84' lang='lat' dir='ltr'>Camilla,</span> 
     </span>
     <span class='ocr_line' id='line_1_19' title="bbox 133 1836 824 1901; baseline 0.001 -14"><span class='ocrx_word' id='word_1_117' title='bbox 133 1854 226 1901; x_wconf 85' lang='lat' dir='ltr'>agmen</span> <span class='ocrx_word' id='word_1_118' title='bbox 239 1852 319 1899; x_wconf 82' lang='lat' dir='ltr'>agens</span> <span class='ocrx_word' id='word_1_119' title='bbox 332 1836 447 1898; x_wconf 85' lang='lat' dir='ltr'>equitum</span> <span class='ocrx_word' id='word_1_120' title='bbox 460 1844 485 1883; x_wconf 92' lang='lat' dir='ltr'>et</span> <span class='ocrx_word' id='word_1_121' title='bbox 497 1837 612 1885; x_wconf 89' lang='lat' dir='ltr'>florentis</span> <span class='ocrx_word' id='word_1_122' title='bbox 625 1851 685 1886; x_wconf 86' lang='lat' dir='ltr'>aere</span> <span class='ocrx_word' id='word_1_123' title='bbox 698 1847 824 1898; x_wconf 85' lang='lat' dir='ltr'>catervas,</span> 
     </span>
    </p>

    <p class='ocr_par' dir='ltr' id='par_1_7' title="bbox 63 1925 802 2344">
     <span class='ocr_line' id='line_1_20' title="bbox 63 1925 766 1986; baseline 0 -9"><span class='ocrx_word' id='word_1_124' title='bbox 63 1934 114 1977; x_wconf 80' lang='lat'>805</span> <span class='ocrx_word' id='word_1_125' title='bbox 133 1928 262 1986; x_wconf 84' lang='lat' dir='ltr'>bellatrix,</span> <span class='ocrx_word' id='word_1_126' title='bbox 278 1941 330 1973; x_wconf 89' lang='lat' dir='ltr'>nun</span> <span class='ocrx_word' id='word_1_127' title='bbox 344 1925 390 1973; x_wconf 88' lang='lat' dir='ltr'>illa</span> <span class='ocrx_word' id='word_1_128' title='bbox 404 1925 462 1972; x_wconf 90' lang='lat' dir='ltr'>colo</span> <span class='ocrx_word' id='word_1_129' title='bbox 476 1925 617 1973; x_wconf 85' lang='lat' dir='ltr'>calathisve</span> <span class='ocrx_word' id='word_1_130' title='bbox 629 1925 766 1977; x_wconf 83' lang='lat' dir='ltr'>Minervae</span> 
     </span>
     <span class='ocr_line' id='line_1_21' title="bbox 134 2014 757 2078; baseline 0.003 -15"><span class='ocrx_word' id='word_1_131' title='bbox 134 2016 258 2064; x_wconf 78' lang='lat' dir='ltr'>femineas</span> <span class='ocrx_word' id='word_1_132' title='bbox 272 2015 379 2063; x_wconf 85' lang='lat' dir='ltr'>adsueta</span> <span class='ocrx_word' id='word_1_133' title='bbox 392 2028 493 2072; x_wconf 89' lang='lat' dir='ltr'>manus,</span> <span class='ocrx_word' id='word_1_134' title='bbox 509 2015 553 2062; x_wconf 86' lang='lat' dir='ltr'>sed</span> <span class='ocrx_word' id='word_1_135' title='bbox 567 2014 667 2077; x_wconf 84' lang='lat' dir='ltr'>proelia</span> <span class='ocrx_word' id='word_1_136' title='bbox 681 2014 757 2078; x_wconf 79' lang='lat' dir='ltr'>virgo</span> 
     </span>
     <span class='ocr_line' id='line_1_22' title="bbox 134 2103 802 2167; baseline 0 -14"><span class='ocrx_word' id='word_1_137' title='bbox 134 2105 198 2153; x_wconf 88' lang='lat' dir='ltr'>dura</span> <span class='ocrx_word' id='word_1_138' title='bbox 211 2104 264 2167; x_wconf 88' lang='lat' dir='ltr'>pati</span> <span class='ocrx_word' id='word_1_139' title='bbox 278 2117 405 2164; x_wconf 90' lang='lat' dir='ltr'>cursuque</span> <span class='ocrx_word' id='word_1_140' title='bbox 418 2103 513 2164; x_wconf 90' lang='lat' dir='ltr'>pedum</span> <span class='ocrx_word' id='word_1_141' title='bbox 526 2112 686 2165; x_wconf 79' lang='lat' dir='ltr'>praevertere</span> <span class='ocrx_word' id='word_1_142' title='bbox 699 2113 802 2155; x_wconf 86' lang='lat' dir='ltr'>ventus.</span> 
     </span>
     <span class='ocr_line' id='line_1_23' title="bbox 134 2191 753 2253; baseline 0.005 -13"><span class='ocrx_word' id='word_1_143' title='bbox 134 2194 180 2243; x_wconf 89' lang='lat' dir='ltr'>illa</span> <span class='ocrx_word' id='word_1_144' title='bbox 194 2194 232 2241; x_wconf 75' lang='lat' dir='ltr'>vel</span> <span class='ocrx_word' id='word_1_145' title='bbox 245 2193 357 2240; x_wconf 84' lang='lat' dir='ltr'>intactae</span> <span class='ocrx_word' id='word_1_146' title='bbox 370 2191 464 2252; x_wconf 85' lang='lat' dir='ltr'>segetis</span> <span class='ocrx_word' id='word_1_147' title='bbox 477 2205 522 2253; x_wconf 88' lang='lat' dir='ltr'>per</span> <span class='ocrx_word' id='word_1_148' title='bbox 535 2206 637 2238; x_wconf 89' lang='lat' dir='ltr'>summa</span> <span class='ocrx_word' id='word_1_149' title='bbox 649 2192 753 2242; x_wconf 84' lang='lat' dir='ltr'>volaret</span> 
     </span>
     <span class='ocr_line' id='line_1_24' title="bbox 135 2280 766 2344; baseline 0.002 -13"><span class='ocrx_word' id='word_1_150' title='bbox 135 2282 254 2344; x_wconf 76' lang='lat' dir='ltr'>gramina</span> <span class='ocrx_word' id='word_1_151' title='bbox 266 2297 314 2330; x_wconf 90' lang='lat' dir='ltr'>nec</span> <span class='ocrx_word' id='word_1_152' title='bbox 327 2289 427 2329; x_wconf 88' lang='lat' dir='ltr'>teneras</span> <span class='ocrx_word' id='word_1_153' title='bbox 441 2295 517 2328; x_wconf 90' lang='lat' dir='ltr'>cursu</span> <span class='ocrx_word' id='word_1_154' title='bbox 530 2280 647 2328; x_wconf 88' lang='lat' dir='ltr'>laesisset-</span> <span class='ocrx_word' id='word_1_155' title='bbox 659 2281 766 2342; x_wconf 86' lang='lat' dir='ltr'>aristas,</span> 
     </span>
    </p>

    <p class='ocr_par' dir='ltr' id='par_1_8' title="bbox 65 2367 838 2704">
     <span class='ocr_line' id='line_1_25' title="bbox 65 2367 798 2432; baseline 0 -12"><span class='ocrx_word' id='word_1_156' title='bbox 65 2377 116 2420; x_wconf 80' lang='lat'>810</span> <span class='ocrx_word' id='word_1_157' title='bbox 135 2372 175 2419; x_wconf 86' lang='lat' dir='ltr'>vel</span> <span class='ocrx_word' id='word_1_158' title='bbox 188 2386 258 2419; x_wconf 88' lang='lat' dir='ltr'>mare</span> <span class='ocrx_word' id='word_1_159' title='bbox 272 2385 317 2432; x_wconf 92' lang='lat' dir='ltr'>per</span> <span class='ocrx_word' id='word_1_160' title='bbox 328 2369 442 2417; x_wconf 89' lang='lat' dir='ltr'>medium</span> <span class='ocrx_word' id='word_1_161' title='bbox 454 2367 533 2415; x_wconf 86' lang='lat' dir='ltr'>fluctu</span> <span class='ocrx_word' id='word_1_162' title='bbox 546 2382 671 2430; x_wconf 89' lang='lat' dir='ltr'>suspensa</span> <span class='ocrx_word' id='word_1_163' title='bbox 685 2371 798 2420; x_wconf 81' lang='lat' dir='ltr'>tumenti</span> 
     </span>
     <span class='ocr_line' id='line_1_26' title="bbox 135 2457 831 2521; baseline 0.001 -15"><span class='ocrx_word' id='word_1_164' title='bbox 135 2459 212 2509; x_wconf 85' lang='lat' dir='ltr'>ferret</span> <span class='ocrx_word' id='word_1_165' title='bbox 224 2460 271 2508; x_wconf 92' lang='lat' dir='ltr'>iter</span> <span class='ocrx_word' id='word_1_166' title='bbox 285 2458 374 2506; x_wconf 85' lang='lat' dir='ltr'>celeris</span> <span class='ocrx_word' id='word_1_167' title='bbox 388 2472 435 2506; x_wconf 92' lang='lat' dir='ltr'>nec</span> <span class='ocrx_word' id='word_1_168' title='bbox 448 2457 576 2518; x_wconf 85' lang='lat' dir='ltr'>tingueret</span> <span class='ocrx_word' id='word_1_169' title='bbox 588 2471 702 2518; x_wconf 88' lang='lat' dir='ltr'>aequore</span> <span class='ocrx_word' id='word_1_170' title='bbox 715 2459 831 2521; x_wconf 84' lang='lat' dir='ltr'>plantas.</span> 
     </span>
     <span class='ocr_line' id='line_1_27' title="bbox 135 2545 754 2606; baseline 0.003 -11"><span class='ocrx_word' id='word_1_171' title='bbox 135 2549 208 2598; x_wconf 87' lang='lat' dir='ltr'>illam</span> <span class='ocrx_word' id='word_1_172' title='bbox 222 2547 305 2595; x_wconf 87' lang='lat' dir='ltr'>omnis</span> <span class='ocrx_word' id='word_1_173' title='bbox 319 2547 393 2594; x_wconf 83' lang='lat' dir='ltr'>tectis</span> <span class='ocrx_word' id='word_1_174' title='bbox 406 2545 526 2606; x_wconf 83' lang='lat' dir='ltr'>agrisque</span> <span class='ocrx_word' id='word_1_175' title='bbox 540 2545 621 2592; x_wconf 86' lang='lat' dir='ltr'>etl&#39;usa</span> <span class='ocrx_word' id='word_1_176' title='bbox 633 2545 754 2597; x_wconf 81' lang='lat' dir='ltr'>iuventus</span> 
     </span>
     <span class='ocr_line' id='line_1_28' title="bbox 126 2637 838 2704; baseline -0.003 -18"><span class='ocrx_word' id='word_1_177' title='bbox 126 2638 258 2704; x_wconf 87' lang='lat' dir='ltr'>turbaque</span> <span class='ocrx_word' id='word_1_178' title='bbox 270 2637 383 2689; x_wconf 87' lang='lat' dir='ltr'>miratur</span> <span class='ocrx_word' id='word_1_179' title='bbox 396 2642 512 2686; x_wconf 84' lang='lat' dir='ltr'>matrum</span> <span class='ocrx_word' id='word_1_180' title='bbox 523 2642 551 2682; x_wconf 81' lang='lat' dir='ltr'>et</span> <span class='ocrx_word' id='word_1_181' title='bbox 561 2640 713 2694; x_wconf 58' lang='lat' dir='ltr'>prospectae</span> <span class='ocrx_word' id='word_1_182' title='bbox 722 2644 838 2692; x_wconf 66' lang='lat' dir='ltr'>euntem,</span> 
     </span>
    </p>
   </div>
   <div class='ocr_carea' id='block_1_3' title="bbox 0 0 908 2956">
    <p class='ocr_par' dir='ltr' id='par_1_9' title="bbox 0 0 908 2956">
     <span class='ocr_line' id='line_1_29' title="bbox 0 0 908 2956; baseline 0 0"><span class='ocrx_word' id='word_1_183' title='bbox 0 0 908 2956; x_wconf 95' lang='lat' dir='ltr'> </span> 
     </span>
    </p>
   </div>
  </div>
 </body>
</html>
