1808 2956
76 167 132 213 162
311 175 338 214 Ρ.
355 175 477 214 vnaoltr
496 175 627 215 MARONIS

89 337 121 381 65
142 332 231 395 aeeipo
244 346 312 380 nune
324 332 446 380 Danaum
459 333 566 381 insidias
581 342 605 380 ot
618 333 724 381 erimine
739 333 769 380 ab
784 349 836 382 uno

142 421 212 469 disee
226 436 323 469 omnes.

141 525 254 572 namque
266 518 295 557 ut
308 518 447 572 conspeetu
460 508 487 555 in
501 509 587 556 medio
600 508 732 568 turbatus,
754 511 868 571 inermis,

142 599 256 647 constitit
267 607 343 660 atque
353 599 434 645 oeulis
442 597 555 658 Phrygia
563 598 668 658 agmina
677 598 868 662 circumspexit,

138 677 214 747 ‘heu,
235 702 301 750 quae
315 701 384 734 nuno
397 679 483 734 tollus’
495 687 592 748 inquit,
611 677 689 749 ‘quae
702 703 743 735 me
757 704 872 752 aequora

443 783 551 838 possunt

88 870 120 914 to
140 865 274 928 accipere?
299 875 342 913 aut
361 865 422 928 quid
440 866 492 913 iam
509 865 603 912 misero
621 864 684 911 mihi
703 866 815 928 denique
833 881 871 914 re·

442 954 508 1001 stat?

142 1042 183 1090 oui
207 1056 290 1104 neque
315 1043 382 1105 apud
402 1042 509 1090 Danaos
528 1057 639 1104 usquam
658 1042 730 1089 loeus
750 1050 776 1090 et
794 1059 872 1106 super

441 1131 491 1193 ipsi

139 1216 307 1266 Dardanidae
321 1218 414 1267 infensi
427 1234 524 1282 poenas
538 1234 596 1266 oum
607 1213 871 1282 sanguineposeunt.‘

141 1321 192 1368 quo
205 1307 303 1367 gemitu
317 1308 432 1355 conversi
445 1308 533 1366 animi,
550 1323 712 1370 compressus
726 1316 751 1356 ot
764 1311 847 1357 omnis

139 1394 258 1456 impetus.
286 1394 420 1442 hortamur
432 1396 480 1444 fari
494 1411 545 1459 quo
559 1397 685 1457 sanguine
699 1405 791 1456 cretus,

88 1486 118 1531 75
140 1483 232 1544 quidve
246 1483 327 1543 forat3
346 1493 471 1533 memoret
484 1500 550 1548 quae
563 1485 597 1532 sit
609 1485 704 1534 fiducia
717 1494 802 1548 capto.

138 1572 183 1620 ille
197 1572 270 1631 haee,
287 1573 404 1636 deposita
416 1575 521 1622 tandem
534 1574 680 1633 formidine,
696 1574 772 1632 fatur.

170 1650 284 1709 ‘Cuncta
297 1663 416 1725 equidem
430 1663 490 1722 tibi,
507 1679 566 1722 rex,
582 1663 659 1710 fuerit
673 1663 866 1736 quodcumque,

439 1752 539 1800 fatebor

137 1831 204 1887 vera’
217 1839 315 1902 inquit3
327 1829 422 1902 ‘nequo
433 1841 606 1901 maArgoliea
618 1841 649 1887 de
661 1849 738 1901 gente
751 1841 866 1902 negabo:

137 1927 188 1976 hoe
200 1929 328 1991 primum3
348 1944 395 1977 noo
409 1930 430 1977 si
443 1930 565 1977 miserum
578 1929 692 1976 Fortuna
706 1927 832 1978 Sinonem

85 2020 117 2064 80
137 2016 221 2077 finxit!
238 2031 334 2064 vanum
346 2017 424 2065 etiam
437 2019 639 2080 mendacemque
653 2018 763 2080 inproba
777 2019 864 2081 finget.

137 2105 217 2153 fando
231 2105 337 2167 aliquod
351 2106 372 2152 si
386 2106 452 2155 sorte
465 2115 521 2154 tuas
534 2108 650 2169 pervenit
663 2108 695 2155 ad
710 2109 778 2156 auris

136 2194 243 2242 Belidae
256 2208 352 2242 nomen
364 2194 511 2244 Palamedis
525 2203 550 2244 et
562 2196 661 2244 incluta
673 2196 743 2244 fama

136 2284 229 2345 gloria,
246 2298 322 2345 quem
336 2283 402 2331 falsa
415 2284 461 2331 sub
475 2284 621 2346 proditione
634 2284 738 2347 Pelasgi

136 2371 266 2420 insontem
278 2372 386 2420 infando
400 2373 506 2432 indicio,
523 2373 584 2436 quia
596 2373 665 2421 bella
676 2374 788 2434 vetabat,

84 2464 115 2508 85
136 2460 261 2509 demisere
275 2461 341 2520 neci,
357 2476 426 2510 nune
440 2477 528 2511 casum
541 2463 639 2511 lumine
652 2463 758 2524 lugent:

131 2549 174 2596 illi
186 2564 230 2597 me
244 2549 364 2598 comitem
378 2557 403 2598 et
416 2552 641 2614 consanguinitate
653 2552 808 2615 propincum

105 2639 260 2696 pauperia
274 2655 352 2690 arma
363 2649 443 2707 pater
454 2641 549 2709 primis
562 2641 617 2692 hue
628 2640 702 2691 misit
713 2639 746 2688 dn
759 2639 845 2686 andis.
