1808 2956
254 192 402 232 Aauarnos
420 193 552 234 ursana.
738 181 798 236 435

74 350 190 414 protinus
198 351 327 397 Antaeum
340 356 365 398 et
372 348 480 407 Lucam,
495 349 578 411 prima
592 348 697 410 agmina
709 348 800 408 Turni,

74 439 236 502 persequitur
254 437 399 499 fortemque
411 435 522 485 Numam
535 436 684 499 fulvomque
698 435 803 485 Camer-

374 532 435 583 tem,

74 616 241 678 magnanimo
255 615 394 663 Volseente
407 621 500 672 satum,
516 613 656 661 ditissimus
670 614 725 674 agri

74 705 117 768 qui
132 704 180 752 fuit
193 704 356 752 Ausonidum
370 710 395 751 et
407 702 490 751 tacitis
504 702 621 764 regnavit
634 702 757 764 Amyclis.

28 799 54 842 55
74 796 200 855 Aegaeon
214 793 307 854 qualis,
324 791 480 839 centumeui
496 790 618 838 bracchia
631 791 719 839 dicunt

74 891 246 943 centenasque
260 895 360 938 manus,
377 880 566 942 quinquaginta
579 879 666 926 oribus
679 880 765 940 ignem

74 971 272 1034 pectoribusque
287 969 388 1027 arsisse,
403 969 470 1016 Iovis
484 983 542 1016 cum
556 967 665 1015 fulmina
678 974 768 1015 contra

74 1066 112 1106 tot
125 1058 229 1120 paribus
242 1064 365 1119 streperet
378 1057 475 1119 clipeis,
492 1062 530 1104 tot
542 1056 678 1117 stringeret
690 1070 773 1114 enses,

75 1147 111 1194 sic
125 1153 178 1193 toto
193 1148 294 1194 Aeneas
308 1147 421 1195 desaevit
432 1147 458 1193 iu
473 1159 585 1208 aequore
598 1144 687 1202 victor,

28 1240 56 1283 lo
76 1239 104 1280 ut
117 1235 194 1282 semel
208 1235 318 1296 intepuit
328 1249 426 1283 mucro.
454 1235 517 1297 quin
531 1248 590 1283 cccc
603 1234 713 1297 Niphaei

75 1322 234 1385 quadriiugis
248 1324 274 1369 in
288 1338 368 1385 equos
381 1325 540 1387 adversaque
557 1330 662 1386 pectora
674 1323 763 1371 tendit.

75 1420 152 1474 atque
165 1411 203 1458 illi
216 1412 293 1472 longe
306 1411 467 1471 gradientem
480 1418 505 1459 et
518 1411 574 1459 dira
586 1411 737 1461 frementem

75 1508 102 1548 nt
115 1501 210 1556 videre,
225 1505 294 1545 metu
307 1500 372 1546 versi
386 1507 505 1561 retroque
518 1507 620 1547 ruentes

75 1587 261 1647 effunduntque
275 1586 367 1634 ducem
380 1588 534 1648 rapiuntque
548 1587 581 1632 ad
594 1587 672 1634 litora
685 1602 782 1635 currus.

28 1681 54 1724 l5
75 1675 172 1721 interea
186 1672 280 1733 biiugis
293 1673 370 1720 infert
382 1688 410 1721 se
423 1673 543 1734 Lucagus
558 1673 623 1720 albis

75 1763 101 1809 in
115 1760 215 1808 medios
229 1761 357 1822 fraterque
369 1761 464 1822 Liger;
484 1761 528 1808 sed
543 1760 620 1809 frater
633 1760 740 1808 habenis

76 1849 155 1898 flectit
167 1862 256 1910 equos,
273 1849 389 1896 strictum
402 1856 469 1898 rotat
482 1863 541 1898 acer
553 1849 673 1909 Lucagus
687 1863 782 1896 ensem.

75 1938 145 1986 haud
160 1937 220 1984 tulit
232 1937 334 1986 Aeneas
348 1944 419 1986 tamo
432 1937 530 1986 fervore
543 1937 665 1986 furentis:

75 2027 154 2075 inruit
167 2027 325 2089 adversaque
338 2027 429 2088 ingens
443 2026 564 2090 adparuit
578 2027 661 2074 hasta.

28 2123 56 2165 30
77 2117 117 2166 eui
131 2116 209 2177 Liger

73 2196 136 2252 ‘non
148 2203 284 2252 Diomedis
298 2218 378 2265 equos
391 2218 439 2252 nee
452 2219 553 2253 currum
567 2204 650 2253 cernis
663 2203 760 2251 Achilli

76 2300 121 2340 aut
133 2293 262 2355 Phrygiae
275 2307 395 2354 campos:
418 2307 487 2340 nunc
500 2292 560 2341 belli
574 2293 631 2340 finis
645 2300 671 2340 et
683 2292 738 2352 aevi

77 2381 116 2428 his
130 2381 232 2428 dabitur
246 2372 338 2429 terris.'
363 2395 457 2430 vesano
471 2381 534 2428 talia
546 2382 598 2430 late

78 2470 146 2517 dicte
159 2469 247 2517 volent
259 2468 356 2530 Ligeri.
385 2469 428 2518 sed
442 2484 495 2518 non
508 2478 533 2518 ct
545 2469 638 2517 Troius
652 2469 727 2518 heros

28 2564 56 2607 35
78 2559 147 2607 dicta
166 2565 241 2620 parat
260 2565 365 2618 contru3
385 2559 497 2607 iaculum
518 2573 580 2605 nam
597 2565 706 2618 torquet
718 2557 812 2600 kaus-

381 2656 461 2700 stem.
470 2679 476 2688 κ

618 2713 686 2769 aa*
