1808 2956
269 148 437 190 onoaoreou
459 151 546 189 urana
563 151 593 189 n.
788 138 825 186 63

56 314 79 355 ιο
101 323 117 356 o
131 308 219 363 decus,
235 321 251 354 o
265 306 348 354 famae
360 307 451 354 merito
464 321 523 368 pars
536 307 649 354 maxima
662 315 773 366 nostrae,

99 397 248 452 Maecenas,
264 395 410 457 pelagoque
422 395 512 442 volans
526 395 629 443 davala
642 397 748 457 patenti.

101 498 154 532 non
168 498 217 545 ego
231 490 324 531 cuncta
336 483 399 531 meis
413 483 533 545 amplecti
545 484 658 532 versibus
672 490 743 546 opto,

101 588 155 621 non
168 571 232 620 mihi
246 573 267 619 si
281 573 385 633 linguae
399 578 500 620 eentum
513 573 565 620 sint
577 588 674 634 oraque
688 581 799 633 centum,

101 662 184 710 ferrea
197 676 256 709 vox.
284 663 344 709 ades
358 667 383 709 et
395 661 470 722 primi
484 661 541 722 lege
554 662 636 709 litoris
650 677 738 721 oram;

56 758 79 799 l5
100 752 128 798 in
142 750 261 798 manibus
275 756 369 797 terrae:
385 763 437 796 non
452 749 493 796 hic
506 756 531 797 te
544 751 657 798 carmine
670 751 729 798 ficto

101 846 180 902 atque
193 853 238 900 per
250 838 371 899 ambages
385 845 410 885 et
422 839 502 899 longa
515 853 607 887 exorsa
620 839 720 886 tenebo.

138 927 236 989 Sponte
249 941 296 974 sna
309 941 375 996 quae
388 940 415 973 se
427 926 524 974 tollunt
536 927 562 974 in
576 928 681 975 luminis
695 943 762 985 oras,

100 1014 242 1063 infecunda
255 1014 367 1076 quidem,
383 1015 427 1062 sed
442 1015 509 1062 laeta
523 1022 547 1063 et
560 1016 637 1064 fortia
650 1024 774 1078 surgunt3

101 1103 462 1166 qnippesolonaturasnbest.
477 1105 829 1167 tamenhaecqnoquesiquis

56 1199 81 1240 io
101 1193 200 1240 inserat
212 1197 256 1238 aut
269 1191 401 1238 scrobibus
415 1193 520 1240 mandet
533 1200 630 1241 mutata
643 1194 764 1252 subactis,

101 1280 221 1329 exuerint
233 1279 374 1327 silvestrem
392 1280 506 1327 animum
519 1283 641 1344 cultuque
655 1282 787 1344 frequenti·

100 1370 127 1417 in
142 1382 318 1431 quascumque
331 1383 406 1416 voees
421 1376 487 1417 artes
502 1369 570 1417 hand
588 1372 662 1418 tarda
680 1378 826 1433 sequentur.

101 1473 150 1506 nee
164 1471 216 1504 non
231 1464 256 1504 et
268 1456 361 1504 sterilis
376 1472 442 1519 quae
455 1459 576 1520 stirpibus
590 1460 643 1506 exit
656 1460 687 1507 ab
701 1461 758 1508 imis

102 1547 152 1595 hoe
166 1546 251 1604 faciet,
266 1560 361 1593 vacuos
374 1546 395 1592 si
409 1546 442 1592 sit
454 1545 555 1606 digesta
568 1561 612 1608 per
626 1563 716 1609 agros:

56 1639 82 1682 55
101 1650 172 1683 nunc
185 1636 253 1683 altae
266 1634 370 1682 frondes
385 1643 409 1683 et
422 1635 486 1681 rami
500 1636 588 1682 matris
602 1644 713 1697 opacant

102 1724 280 1785 crescentique
293 1724 410 1770 adimunt
423 1724 488 1771 fetus
502 1732 631 1786 uruntque
644 1726 776 1773 ferentem.

101 1812 154 1859 iam
169 1826 236 1873 qnae
249 1811 389 1860 seminibus
403 1812 476 1859 iactis
490 1828 517 1860 se
530 1814 632 1860 sustulit
645 1813 728 1871 arbos,

102 1901 177 1948 tarda
190 1901 267 1958 venit,
284 1901 346 1948 seris
360 1900 459 1948 laetum
473 1901 608 1962 nepotibus
623 1902 748 1960 umbram,

102 2003 233 2050 pomaque
246 1989 404 2049 degenerant
417 2004 491 2037 sucos
506 1990 587 2036 oblita
600 1991 697 2052 priores

56 2080 84 2122 50
103 2084 128 2124 et
141 2077 223 2138 turpis
236 2077 324 2124 avibus
339 2078 461 2139 praedam
475 2078 524 2124 sort
536 2093 585 2125 uva
598 2093 722 2127 racemos.

139 2164 246 2213 Scilicet
258 2165 377 2213 omnibus
390 2175 428 2213 cst
440 2166 514 2213 labor·
525 2167 704 2228 inpendendus
712 2176 736 2216 et
744 2184 832 2216 ornnes

103 2254 238 2315 cogendae
251 2255 277 2300 in
291 2255 391 2302 sulcum
406 2269 435 2301 ae
449 2256 529 2302 multa
544 2256 660 2302 mercede
677 2256 830 2304 domandae.

103 2343 148 2389 sed
162 2342 260 2388 truncis
275 2343 348 2389 oleae
360 2343 462 2400 melius,
480 2344 622 2405 propagine
635 2344 697 2391 vites

103 2429 271 2491 respondent,
288 2430 373 2477 solido
387 2430 502 2492 Paphiae
517 2432 547 2478 dc
560 2431 653 2478 robore
666 2440 778 2493 myrtus3

56 2520 83 2563 35
104 2516 202 2579 plantis
216 2525 241 2565 et
254 2518 333 2566 (lurae
346 2519 426 2581 coryli
441 2527 581 2566 nascuntur
594 2527 619 2566 ct
631 2520 722 2581 ingens

103 2605 221 2654 fraxinus
235 2606 427 2670 Herculeaeque
441 2608 516 2656 arbos
530 2608 656 2656 umbrosa
667 2623 787 2657 coronae
