1808 2956
275 191 423 230 Aruernos
438 193 525 230 arnan
542 193 593 231 vn.
771 184 831 231 325

104 347 218 395 intonuit
230 347 361 409 radiisque
374 348 505 396 ardentem
519 348 585 396 lucia
600 355 624 396 et
637 358 700 395 auro
744 353 745 356 ’

104 436 161 498 ipae
173 449 253 482 manu
266 435 384 496 quatiens
398 436 510 482 ostendit
523 435 555 482 ab
569 435 671 484 aethere
684 436 787 484 nubem.

104 524 201 571 diditur
214 522 256 570 hic
269 522 353 570 subito
367 522 482 570 Troiana
495 538 540 585 per
553 523 658 584 agmina
670 538 767 582 rumor,

52 617 83 660 45
105 611 239 658 advenisse
252 610 320 657 diem
334 625 386 673 quo
400 610 487 658 debita
499 612 603 660 moenia
616 611 737 660 condant.

105 698 221 746 certatim
235 698 380 745 instaurant
392 700 481 761 epulas
495 706 572 761 atque
586 699 672 746 omine
684 713 780 760 magno

105 792 218 835 crateras
233 785 294 834 laeti
308 792 423 833 statuont
435 793 460 833 et
472 787 532 834 vina
545 794 679 835 coronant.

140 873 247 921 Postera
261 888 319 920 cum
332 873 416 935 prima
429 874 555 921 lustrabat
568 873 688 935 lampade
701 883 781 922 terras

105 969 162 1010 orta
176 961 238 1020 dies,
254 961 344 1009 urbem
358 957 383 1009 et
395 961 458 1009 fines
472 969 497 1009 et
510 962 587 1008 litora
599 963 683 1022 gentis

52 1056 84 1098 50
105 1049 197 1097 diversi
211 1049 363 1111 explorant;
385 1049 448 1096 haec
461 1049 539 1096 sontis
553 1056 645 1110 stagna
657 1048 768 1107 Numici,

104 1137 174 1185 hunc
180 1137 304 1198 Thybrim
317 1138 431 1196 fluvium,
447 1137 489 1184 hic
502 1137 574 1184 fortis
588 1136 705 1184 habitare
714 1136 832 1184 Latinos.

104 1233 159 1272 turn
172 1233 241 1273 ratus
255 1226 372 1275 Anchisa
385 1226 497 1274 delectos
512 1225 602 1274 ordine
615 1225 647 1274 ab
662 1225 731 1273 omni

105 1320 207 1361 centum
220 1321 335 1361 oratores
348 1322 458 1374 augusta
470 1314 502 1361 ad
516 1314 620 1361 moenia
632 1313 700 1374 regis

104 1402 141 1450 ire
153 1401 233 1460 iubet,
248 1402 326 1448 ramis
340 1403 436 1449 velatos
449 1401 565 1451 Palladis
580 1402 672 1460 omnis,

52 1495 83 1538 55
105 1490 225 1553 donaque
239 1490 304 1538 ferre
317 1489 371 1536 viro
384 1504 526 1552 pacemque
539 1503 680 1552 exposcere
692 1487 809 1535 Teucris.

104 1577 174 1625 haud
188 1592 269 1637 mora,
286 1578 408 1626 festinant
420 1578 481 1625 iussi
495 1577 644 1640 rapidisque
657 1575 773 1624 feruntur

105 1665 232 1728 passibus.
260 1667 315 1728 ipse
328 1666 419 1713 humili
433 1666 553 1726 designat
564 1664 667 1711 moenia
680 1663 749 1711 fossa

103 1754 261 1816 moliturque
275 1755 361 1801 locum
373 1754 521 1816 primasque
534 1753 561 1799 in
574 1753 649 1799 litore
662 1752 735 1800 sedes

105 1849 248 1890 carnorum
262 1842 288 1889 in
302 1856 400 1890 morem
413 1841 499 1904 pinnis
513 1847 590 1902 atque
604 1853 698 1901 aggere
712 1839 801 1901 cingit.

52 1936 84 1979 60
104 1930 209 1992 iamque
222 1931 270 1978 iter
282 1930 378 1979 emensi
393 1930 469 1976 turris
483 1944 513 1976 ac
526 1935 593 1976 tecta
605 1927 758 1975 Latinorum

105 2019 187 2066 ardua
200 2018 340 2066 cernebant
352 2018 455 2065 iuvenes
468 2031 593 2079 muroque
607 2015 736 2064 subibant.

105 2114 165 2155 ante
177 2106 267 2154 urbem
281 2106 353 2170 pueri
368 2113 392 2154 et
404 2107 534 2168 primaevo
547 2106 610 2153 flore
623 2105 740 2152 iuventus

105 2202 257 2243 exercentur
270 2195 342 2257 equis
357 2194 535 2255 domitantque
548 2193 575 2240 in
588 2194 693 2255 pulvere
706 2206 795 2240 currus

105 2288 150 2330 aut
163 2283 228 2331 acris
242 2283 351 2331 tendunt
363 2296 437 2331 arcus
451 2288 496 2329 ant
508 2283 578 2329 lenta
592 2281 693 2328 lacertis

52 2377 83 2421 55
105 2372 206 2434 spicula
216 2378 388 2433 contorquent
401 2384 528 2431 cursuque
541 2369 645 2431 ictuque
658 2369 797 2427 lacessunt,

106 2474 165 2507 cum
177 2466 327 2521 praevectus
341 2472 408 2521 equo
421 2457 541 2519 longaevi
554 2457 622 2518 regia
636 2457 667 2504 ad
681 2456 751 2504 auris

104 2547 210 2594 nuntius
223 2548 334 2609 ingentis
348 2547 438 2608 ignota
450 2546 477 2592 in
491 2552 559 2592 veste
572 2550 690 2607 reportat

100 2635 234 2684 advenisse
248 2636 324 2684 viros.
353 2636 401 2687 ille
413 2637 487 2686 intra
498 2642 573 2686 tecta
582 2632 681 2682 vocari
