1808 2956
309 186 456 226 AENEIDOS
476 187 564 226 LIBER
580 187 622 226 111.
803 178 862 226 201

133 332 242 389 ‘bellum
256 343 332 390 etiam
345 357 391 405 pro
406 344 483 391 caede
496 343 576 391 boum
588 344 724 406 snatisque
739 344 865 403 iuvencis,

136 429 384 490 Laomedontiadas,
400 431 531 480 bellumne
544 431 638 479 inferre
650 432 746 494 paratis

136 527 161 568 et
172 519 256 582 patrio
270 519 390 581 harpyias
403 519 513 568 insontis
526 520 623 582 pellere
636 521 734 582 regno?

64 613 115 656 250
136 608 244 670 accipite
257 622 319 669 ergo
333 608 425 656 animis
439 616 516 671 atque
530 608 593 656 haec
606 623 665 656 mea
676 609 747 670 figite
761 610 837 658 dicta.

135 710 201 759 quae
225 695 331 744 Phoebo
357 704 430 759 pater
455 697 634 759 omnipotens,
661 697 724 745 mihi
743 697 868 746 Phoebus

436 785 534 847 Apollo

133 873 271 935 praedixit,
287 873 358 920 vobis
372 872 497 920 furiarum
511 887 559 935 ego
573 874 687 921 maxima
700 874 795 935 pando.

134 961 237 1009 italiam
250 976 326 1009 cursu
340 961 435 1023 petitis,
450 962 584 1024 ventisque
596 963 693 1010 vocatis

133 1051 202 1098 ibitis
214 1051 318 1098 Italiam
331 1056 472 1112 portusque
486 1051 582 1099 intrare
595 1050 697 1110 lieebit3

62 1144 112 1186 255
133 1140 177 1187 sed
191 1153 244 1186 aon
257 1146 316 1186 ante
330 1139 417 1186 datam
430 1139 537 1200 cingetis
550 1140 685 1188 moenibus
699 1139 788 1188 urbem

133 1242 212 1289 quarn
225 1242 269 1274 vos
283 1227 339 1274 dire
352 1227 432 1274 fames
446 1234 600 1290 nostraeque
613 1229 709 1276 iniuria
721 1228 808 1276 caedis

133 1315 248 1364 ambesas
261 1315 365 1377 subigat
377 1316 452 1363 malis
465 1315 600 1364 absumere
611 1308 733 1364 mensas.'

134 1404 199 1451 dixit
210 1411 236 1452 et
247 1405 275 1451 in
288 1405 378 1452 silvam
392 1404 478 1467 pinnis
490 1405 578 1453 ablata
590 1405 693 1467 refugit.

132 1498 159 1539 at
170 1493 246 1540 sociis
259 1492 345 1540 subita
357 1493 458 1554 gelidus
471 1493 609 1542 formidine
621 1494 727 1554 sanguis

61 1584 112 1628 260
133 1580 259 1641 deriguit3
280 1580 395 1629 cecidere
408 1581 500 1640 animi,
520 1595 569 1629 nec
581 1581 633 1629 iam
646 1582 757 1644 amplius
771 1581 861 1640 armis,

131 1669 175 1716 sed
188 1669 253 1717 votis
266 1669 437 1731 precibusque
450 1669 540 1718 iubent
552 1683 691 1731 exposcere
704 1684 803 1732 pacem,

131 1757 184 1805 sive
197 1758 260 1806 deae
272 1772 318 1806 seu
332 1758 383 1805 sint
396 1758 467 1806 dirae
480 1758 659 1820 obscenaeque
672 1758 797 1806 volucres.

130 1851 155 1892 et
167 1853 240 1907 pater
252 1846 380 1894 Anchises
392 1847 475 1908 passis
489 1846 520 1894 de
533 1846 609 1894 litore
621 1846 714 1908 palmis

130 1934 238 1981 numina
249 1948 346 1995 magna
358 1941 433 1982 vocat
450 1935 606 1997 meritosque
624 1935 714 1983 indicit
731 1935 860 1982 honores:

58 2025 109 2068 265
129 2020 173 2079 ‘di‚
189 2021 323 2083 prohibete
336 2022 435 2082 minas3
457 2022 491 2081 di,
508 2024 585 2070 talem
599 2023 703 2072 avertite
717 2039 806 2071 casum

128 2118 155 2156 et
166 2110 263 2172 placidi
277 2117 375 2158 servate
388 2102 466 2173 pios.'
489 2118 544 2158 tum
558 2111 633 2159 litore
646 2112 734 2160 funem

129 2197 239 2260 diripere
252 2213 426 2261 excussosque
439 2198 510 2246 iubet
522 2199 611 2247 laxare
624 2201 754 2248 rudentes.

127 2287 237 2334 tendunt
248 2288 307 2335 vela
318 2287 373 2334 noti
383 2303 389 2345 3
410 2287 522 2349 sugimus
536 2289 715 2349 spumantibus
727 2290 805 2336 undis

128 2389 180 2436 qua
193 2389 295 2422 cursum
308 2382 450 2438 ventusque
463 2376 671 2439 gubernatorque
683 2377 801 2425 vocabat.

56 2465 108 2509 270
127 2462 180 2509 iam
192 2463 278 2511 medio
292 2465 399 2526 adparet
411 2464 489 2512 fluctu
502 2479 639 2513 nemorosa
652 2465 798 2526 Zacynthos

126 2549 332 2614 Dulichiumque
345 2549 476 2617 Sameque
489 2561 517 2604 et
526 2553 637 2603 Neritos
650 2553 743 2600 ardua.
752 2548 843 2593 sama.

122 2637 257 2698 effugimus
269 2643 396 2704 scopulos
408 2645 540 2708 Ithacae,
552 2643 675 2695 naeres
686 2647 795 2697 pugna„
