1808 2956
244 191 390 230 nauuruos
409 193 496 230 arnan
510 194 573 232 vin.
745 185 803 232 357

28 354 55 397 15
78 355 133 394 tum
146 356 220 410 pater
232 349 336 396 Aeneas
350 349 430 410 puppi
445 349 481 396 sic
494 349 562 397 satur
575 350 606 396 ab
621 350 673 397 alta

76 436 259 499 paciferaeque
272 451 350 483 manu
363 451 464 484 ramum
477 438 623 498 praetendit
636 438 727 486 olivae.

72 514 247 586 ‘Troiugenas
261 540 291 573 ac
305 524 357 572 tela
369 525 440 572 vides
453 525 559 572 inimica
571 525 680 587 Latinis,

77 627 143 675 qnos
157 612 195 660 illi
210 613 279 660 bello
293 613 416 674 profugos
430 627 505 674 egere
519 614 639 675 superbo.

76 701 228 748 Euandrum
242 701 360 763 petimus.
389 702 453 749 ferte
466 702 530 750 haec
544 710 569 749 et
582 702 658 749 dicite
671 703 752 750 lectos

28 796 56 838 20
76 789 227 837 Dardaniae
240 790 339 837 venisse
352 790 439 849 duces,
455 790 526 837 socia
540 805 612 837 arma
625 781 766 850 rogantes'

76 878 201 939 obstipuit
214 884 286 924 tanto
300 892 435 940 percussus
448 878 554 925 nomine
567 878 670 925 Pallas:

72 956 207 1027 ‘egredere
220 981 235 1012 ο
250 967 407 1028 quicumque
419 960 452 1013 es³
466 967 503 1013 ait
511 957 662 1027 ‘coramque
674 974 806 1027 parentem

76 1055 217 1116 adloquere
231 1069 260 1102 ac
274 1054 368 1102 nostris
382 1056 490 1102 succede
503 1054 639 1116 penatibus
653 1053 746 1116 hospes
756 1046 771 1112 ;'

76 1143 230 1205 excepitque
243 1158 322 1189 manu
336 1143 505 1204 dextramque
518 1142 653 1205 amplexus
666 1142 785 1190 inhaesit.

28 1238 54 1280 25
76 1231 203 1294 progressi
218 1231 329 1279 subeunt
341 1232 401 1278 luco
414 1231 571 1293 fluviumque
584 1231 720 1278 relincunt.

111 1319 179 1367 Turn
192 1334 279 1380 regem
292 1320 394 1367 Aeneas
408 1319 483 1366 dictis
498 1318 600 1365 adfatur
613 1319 711 1367 amicis.

72 1399 189 1470 ‘optume
203 1405 389 1468 Graiugenum,
406 1407 446 1455 cui
460 1421 501 1455 me
513 1407 628 1454 Fortuna
641 1407 740 1469 precari

76 1504 101 1544 et
113 1497 176 1544 vitta
189 1504 305 1558 comptos
318 1496 400 1543 voluit
411 1496 576 1558 praet-endere
589 1510 684 1553 ramos,

76 1599 129 1632 non
143 1585 263 1646 equidem
277 1585 382 1632 extimui
396 1584 518 1632 Danaum
532 1584 601 1645 quod
616 1584 707 1631 ductor
720 1590 745 1631 et
756 1587 806 1632 Ar-

378 1688 420 1721 cas

28 1769 55 1810 30
76 1762 199 1824 (qnodque
211 1763 242 1809 ab
255 1762 333 1824 stirpe
344 1761 412 1809 fores
419 1760 528 1822 geminis
536 1760 687 1808 coniunctus
696 1760 803 1818 Atridis,

76 1851 120 1898 sed
135 1865 192 1898 mea
205 1866 246 1898 me
258 1851 337 1898 virtus
351 1857 376 1898 et
388 1857 478 1897 sancta
491 1849 598 1896 oracula
611 1849 706 1906 divom,

77 1939 233 2000 cognatique
247 1946 341 2002 patres,
357 1947 401 1987 tua
414 1941 487 1988 terris
501 1940 582 1987 didita
594 1938 672 1996 sarna,

77 2027 235 2075 coniunxere
247 2029 293 2075 tibi
307 2036 332 2075 et
345 2028 403 2075 fatis
416 2042 491 2090 egere
506 2028 642 2075 volentem.

75 2116 224 2174 Dardanus,
239 2117 336 2164 iliacae
349 2118 445 2179 primus
459 2124 531 2180 pater
544 2117 613 2165 urbis
627 2124 652 2165 et
665 2124 765 2173 auctor,

28 2210 55 2253 35
75 2205 187 2263 Electra,
203 2213 231 2251 ut
243 2203 305 2252 Grai
319 2205 462 2268 perhibent,
477 2207 610 2254 Atlantide
624 2213 716 2268 cretus,

76 2292 211 2340 advehitur
225 2293 355 2352 Teucr0s3
376 2293 505 2342 Electram
519 2296 646 2343 maximus
660 2293 742 2341 Atlas.

76 2381 165 2440 edidit,
181 2382 309 2429 aetherios
322 2397 410 2430 umero
425 2383 469 2444 qui
482 2384 590 2431 sustinet
602 2382 680 2430 orbis.

75 2469 148 2517 vobis
161 2470 304 2518 Mercurius
317 2478 390 2533 pater
403 2478 449 2528 est,
466 2486 542 2533 quern
556 2471 668 2520 eandida
679 2469 756 2517 Maia·

77 2557 202 2618 Cyllenae
215 2559 302 2620 gelido
317 2567 470 2622 conceptum
482 2560 579 2608 vertice
589 2559 680 2616 lautu,

28 2653 53 2692 ιθ
71 2647 215 2705 atMar'am,
231 2648 330 2697 auditis
345 2649 367 2698 si
381 2651 535 2716 quicquam
547 2649 702 2722 credimus,
718 2643 816 2692 renas,
