1808 2956
81 163 139 209 542
423 173 530 212 ceter.

149 331 181 378 ad
195 330 289 392 pariles
304 344 368 391 agor
381 335 500 388 eventus;
527 329 556 376 lit
568 344 654 391 poena
667 331 785 378 merenti.

79 423 129 465 230
150 434 234 481 poena
247 419 280 465 sit
293 418 409 477 exitium,
425 419 503 465 modo
517 418 550 465 sit
563 419 624 466 dum
636 426 712 479 grata
725 421 845 474 voluntas,

150 508 245 555 existat
256 522 302 569 par
316 506 439 554 officium.
468 506 534 553 feror
549 507 607 553 avia
619 521 738 568 carpens,

149 596 206 643 am'a
220 593 373 643 Cimmerios
387 596 453 642 inter
468 595 590 642 distantia
603 595 691 642 lucos:

150 700 226 747 quem
240 685 308 733 cirea
322 685 405 731 tristes
419 685 558 732 densentur
570 684 597 730 in
611 684 700 731 omnia
713 699 819 746 poenae.

149 788 209 820 nam
222 773 321 820 vinctus
335 774 406 820 sedet
418 773 530 820 inmanis
544 771 705 834 serpentibus
720 771 794 831 Otos,

79 867 129 909 235
151 862 297 910 devinctum
309 869 421 909 maestus
435 862 526 924 procul
540 860 668 924 aspiciens
681 860 827 923 Ephialten,

150 951 235 998 conati
249 951 381 1012 quondam
394 965 452 997 cum
466 950 517 997 sint
529 948 675 997 rescindere
689 951 828 1007 mundum;

150 1046 175 1087 et
187 1039 286 1100 Tityos
301 1038 411 1096 Latona,
427 1045 487 1086 tuae
499 1052 598 1086 memor
612 1037 705 1084 anxius
720 1038 774 1084 irae

149 1127 325 1189 (inplacabilis
339 1128 377 1174 ira
389 1127 477 1188 nimis)
491 1127 558 1175 iacet
572 1126 640 1174 alitis
655 1140 723 1173 esca.

149 1225 254 1274 terreor,
271 1234 294 1275 a,
311 1216 388 1262 tantis
402 1216 527 1273 insistere,
543 1222 647 1272 terreor,
665 1214 778 1261 umbris!

80 1310 131 1351 940
151 1304 183 1352 ad
198 1302 300 1366 Stygias
315 1312 448 1351 revocatus
462 1319 542 1365 aquas
556 1303 598 1350 vix
612 1303 718 1350 ultimus
733 1303 802 1350 amni

150 1399 220 1440 extat
233 1401 366 1440 nectareas
381 1393 466 1439 divum
481 1393 524 1454 qui
538 1392 652 1454 prodidit
665 1407 747 1450 escas,

149 1481 258 1542 gutturis
272 1481 352 1528 arenti
366 1482 495 1528 revolutus
508 1481 534 1526 in
549 1480 637 1527 omnia
649 1495 736 1527 sensu.

150 1571 212 1632 quid
226 1584 316 1617 saxum
330 1569 420 1631 procul
434 1569 540 1616 adverso
555 1568 599 1629 qui
612 1573 701 1615 monte
714 1569 828 1625 revellit,

150 1658 334 1720 contempsisse
348 1658 423 1705 dolor
435 1672 512 1719 quem
526 1657 632 1705 numina
644 1656 725 1704 vincit
738 1657 841 1706 acerbus

80 1754 129 1795 245
150 1748 203 1795 otia
217 1753 382 1810 quaerentem
395 1745 489 1793 frustra
501 1745 567 1793 sibi?
586 1745 630 1804 ite,
645 1746 760 1807 puellae,

149 1837 192 1895 ite,
209 1836 301 1899 quibus
315 1836 403 1884 taedas
418 1835 561 1883 accendens
574 1834 652 1881 tristis
666 1834 752 1896 erinys

150 1927 216 1973 sicut
228 1925 328 1988 Hymen
343 1925 401 1987 (pro
416 1923 479 1986 fata)
494 1923 564 1970 dedit
577 1921 689 1970 conubia
702 1924 801 1971 mortis.

150 2022 227 2076 atque
240 2015 304 2061 alias
318 2014 370 2061 alio
385 2015 475 2061 densas
489 2026 582 2074 supero
596 2011 700 2072 agmine
713 2018 820 2071 turmaS,

148 2103 280 2165 impietate
292 2102 346 2150 fera
358 2103 492 2149 vecordem
507 2099 636 2148 Colchida
648 2107 767 2160 matrem,

80 2196 131 2239 250
150 2192 229 2239 anxia
241 2191 359 2240 sollicitis
371 2191 538 2238 meditantem
550 2190 657 2236 vulnera
669 2190 754 2250 natis,

149 2279 202 2327 iam
215 2280 372 2326 Pandionias
386 2279 544 2327 miserandas
558 2279 630 2340 prole
644 2278 753 2340 puellas,

151 2384 258 2431 quarum
273 2383 322 2414 vox
335 2367 392 2429 Ityn
406 2368 459 2414 edit
470 2367 537 2427 Ityn,
554 2381 605 2428 quo
618 2366 752 2414 Bistonius
767 2383 811 2416 rex

150 2457 227 2504 orbus
241 2472 320 2519 epops
334 2464 429 2504 maeret
443 2455 552 2503 volueris
566 2462 667 2502 evectus
681 2455 708 2501 in
722 2471 808 2504 auras.

145 2552 174 2595 at
186 2545 365 2596 discordantes
379 2543 493 2592 Cadmeo
508 2543 604 2591 semine
618 2543 709 2591 iratres

57 2644 112 2689 255
133 2640 190 2692 iam
206 2640 364 2693 truculenta
376 2636 467 2688 ierunt
478 2630 741 2693 inlestaqnelmdma
749 2645 842 2688 carana
