1808 2956
59 163 121 212 336
299 171 325 209 r.
343 169 464 208 vunnim
484 168 615 209 unnoms

131 341 211 389 quare
224 341 272 387 age
285 334 311 374 et
323 325 418 374 armari
431 324 526 387 pubem
538 325 673 388 portisque
686 327 784 377 moveri

57 421 112 463 430
131 415 214 464 laetus
232 415 260 461 in
279 428 352 462 arma
365 412 425 460 iube
438 420 463 460 et
475 413 603 474 Phrygios
622 415 669 476 qui
688 414 794 465 flumine
805 414 849 478 pul·

433 500 495 548 ebro

132 592 272 640 consedere
286 590 363 637 duces
377 589 511 651 pictasque
524 603 603 637 exure
617 590 732 639 carinas.

132 681 272 729 caelestum
284 678 321 725 vis
334 691 430 738 magna
442 675 522 723 iubet.
549 690 595 724 rex
608 677 664 739 ipse
677 678 797 738 Latinus,

133 768 159 815 ni
173 769 234 816 dare
247 766 396 827 coniugium
410 771 435 813 et
448 765 517 811 dicto
530 778 620 825 parere
633 765 740 827 fatetur,

133 857 230 904 sentiat
244 863 269 903 et
282 855 386 902 tandem
399 853 516 900 Turnum
529 854 678 915 experiatur
690 855 719 903 in
733 846 825 906 armis'

58 950 111 993 435
168 944 216 993 llic
229 942 336 1000 iuvenis,
352 949 436 989 vatem
448 941 572 999 inridens,
588 941 625 990 sie
638 956 699 990 orsa
712 944 823 993 vicissim

132 1047 175 1080 ore
188 1032 272 1080 refert.
299 1030 403 1078 ‘classes
416 1030 530 1077 invectas
543 1029 683 1091 Thybridis
696 1033 797 1082 undem

132 1135 194 1178 nou,
209 1127 238 1166 ut
249 1133 313 1177 rere,
329 1133 399 1165 meas
413 1117 503 1179 effugit
516 1117 621 1166 nuntius
635 1134 720 1167 aures.

132 1222 165 1256 ne
178 1214 262 1255 tantos
276 1206 339 1253 mihi
353 1206 421 1267 finge
435 1213 534 1264 metus;
554 1220 602 1254 nee
615 1207 688 1267 regis
700 1207 770 1257 luno

133 1296 260 1344 inmemor
273 1302 311 1342 est
324 1295 412 1342 nostri.

60 1391 113 1432 440
133 1385 177 1432 sed
192 1391 215 1432 te
228 1384 294 1431 victa
307 1383 357 1430 situ
370 1383 474 1444 verique
489 1381 564 1430 effeta
577 1390 706 1441 senectus,

134 1487 149 1520 o
162 1480 252 1531 mater,
269 1471 335 1519 curis
349 1471 508 1532 nequiquam
521 1476 623 1518 exercet
635 1477 661 1518 et
674 1485 749 1521 erma

133 1576 223 1622 regum
236 1561 303 1608 inter
316 1559 381 1608 falsa
394 1566 478 1606 vatem
491 1559 629 1606 formidine
641 1559 718 1610 ludit.

135 1665 197 1698 cura
209 1649 255 1696 tibi
269 1648 354 1695 divom
368 1647 466 1708 effigies
480 1654 504 1694 et
517 1647 613 1709 templa
626 1648 706 1707 tueri3

134 1738 202 1786 bella
214 1737 260 1784 viri
274 1750 416 1799 pacemque
428 1742 527 1796 gerent,
543 1735 599 1797 quis
613 1734 683 1784 bella
695 1728 832 1798 gerenda.'

60 1831 112 1873 445
167 1825 275 1873 Talibus
288 1825 391 1873 Allecto
405 1823 479 1870 dictis
493 1823 588 1872 exarsit
599 1823 627 1870 in
640 1823 701 1871 iras.

134 1921 160 1961 at
172 1914 258 1962 iuveni
271 1913 355 1961 oranti
368 1912 466 1959 subitus
480 1919 575 1960 tremor
588 1919 699 1973 occupat
712 1922 794 1973 artus,

134 2002 266 2063 deriguere
280 2001 364 2049 oculi:
385 2007 424 2047 tot
436 2000 520 2062 erinys
533 2000 621 2047 sibilat
632 1999 721 2061 hydris

134 2097 256 2152 tantaque
269 2104 296 2137 sc
310 2089 388 2137 facies
401 2089 490 2150 aperit.
519 2096 574 2136 tum
585 2088 705 2136 flammea
719 2096 844 2153 torquens

134 2178 234 2226 lumina
247 2185 411 2226 cunctantem
424 2182 449 2224 et
462 2183 627 2238 quaerentem
641 2176 727 2225 dicere
740 2179 819 2240 plura

61 2272 114 2315 450
133 2267 245 2328 reppulit
258 2272 283 2314 et
295 2266 413 2326 geminos
426 2265 507 2313 erexit
519 2264 632 2313 crinibus
646 2266 740 2325 anguis

133 2355 290 2416 verberaque
303 2355 419 2401 insonuit
430 2353 573 2416 rabidoque
586 2354 649 2402 haec
663 2352 767 2402 addidit
780 2370 834 2405 ore.

130 2432 174 2491 ‘en
187 2457 236 2504 ego
250 2442 316 2490 victa
329 2443 388 2498 situ,
404 2457 483 2503 quam
495 2442 546 2490 veri
561 2441 636 2489 effeta
649 2448 770 2490 senectus

135 2546 206 2580 arma
219 2531 286 2579 inter
298 2545 389 2592 regum
401 2530 467 2578 falsa
480 2530 617 2577 formidine
630 2529 705 2576 ludit.

122 2621 228 2688 respice
241 2621 276 2673 ad
282 2621 366 2673 baec:
389 2619 484 2670 adsum
498 2618 615 2668 dirarum
626 2616 659 2665 ab
666 2617 729 2664 sede
739 2632 868 2675 sororum,
