1808 2956
63 163 123 211 238
218 197 225 210 .
300 173 326 211 P.
344 173 465 212 rnncnn
486 174 616 213 unnoms

131 329 268 388 aetherias,
283 337 383 378 tantum
397 330 484 378 radice
497 331 523 376 in
537 331 645 378 Tartara
659 335 762 382 tendit:

131 417 200 466 baud
214 433 286 467 secus
300 419 415 466 adsiduis
426 418 486 466 hinc
500 427 577 481 atque
591 419 651 467 hinc
664 423 776 472 vocibus
791 426 864 476 heros

132 507 249 555 tunditur
261 513 286 556 et
299 522 394 569 magno
407 507 531 570 persentit
543 514 647 569 pectore
660 524 756 571 curas3

131 610 203 645 mens
216 597 316 644 inmota
328 603 431 655 manet3
452 596 575 644 lacrimae
590 597 725 647 volventur
738 601 843 652 inanes.

60 688 113 732 450
167 685 234 733 Tum
247 700 307 734 vero
320 685 411 733 infelix
424 684 483 732 fatis
497 685 618 732 exterrita
629 685 700 734 Dido

132 781 241 823 mortem
255 782 327 834 orat3
347 775 434 822 taedet
447 773 511 840 caeli
526 788 641 821 convexa
653 760 728 822 tueri.

133 877 185 924 quo
198 864 281 924 magis
298 863 430 925 inceptum
449 869 557 924 peragat
569 863 706 925 lucemque
720 867 863 932 relinquat,

132 950 204 1009 vidit,
220 951 363 999 turicremis
377 965 436 998 cum
450 951 519 999 dona
531 951 667 1013 inponeret
678 954 730 1001 aris

133 1039 303 1101 (horrendum
317 1039 407 1102 dictu),
424 1039 513 1087 latices
527 1040 671 1102 nigrescere
684 1056 775 1092 sacros

62 1133 113 1176 455
133 1127 241 1190 fusaque
254 1129 281 1174 in
295 1127 434 1176 obscenum
447 1136 582 1176 devertere
595 1129 655 1177 vina
668 1145 798 1181 cruorem.

133 1216 183 1264 hoc
195 1216 278 1264 visum
291 1217 366 1275 nulli,
381 1231 434 1264 non
447 1217 497 1280 ipsi
510 1217 588 1264 effata
600 1219 691 1265 sorori.

99 1362 101 1366 Ι
133 1312 266 1368 praeterea
278 1305 326 1353 fuit
338 1307 365 1353 in
378 1307 451 1354 tectis
465 1307 496 1354 de
509 1321 637 1354 marmore
649 1308 777 1369 templum

134 1394 252 1455 coniugis
266 1395 374 1456 antiqui,
391 1394 455 1441 miro
470 1395 539 1457 quod
552 1395 651 1442 honore
664 1396 776 1457 colebat,

132 1482 270 1532 velleribus
283 1483 362 1531 niveis
376 1490 401 1531 et
413 1483 479 1531 festa
491 1484 582 1531 fronde
595 1484 751 1532 retinctum:

62 1577 114 1620 460
133 1572 194 1620 hinc
207 1573 324 1620 exaudiri
337 1586 412 1619 voces
426 1578 451 1619 ot
463 1572 540 1620 verba
552 1573 668 1620 vocantis

132 1661 187 1710 visa
198 1661 254 1720 viri,
270 1675 324 1709 nox
337 1675 396 1708 cum
409 1668 488 1708 terras
502 1661 612 1709 obseura
624 1668 735 1721 tenerct3

132 1751 240 1813 solaque
254 1749 408 1798 culminibus
422 1749 496 1798 ferali
510 1750 624 1798 carmine
637 1750 705 1798 bubo

132 1853 208 1901 saepe
222 1839 294 1901 queri
308 1847 333 1887 et
346 1840 438 1900 longas
451 1839 578 1887 infletum
592 1839 685 1887 ducere
698 1855 789 1901 voces3

131 1927 265 1989 multaque
278 1933 412 1990 praeterea
424 1933 511 1976 vatum
523 1928 656 1990 praedicta
669 1928 771 1990 piorum

61 2019 112 2063 465
132 2016 239 2064 terribili
252 2016 353 2063 monitu
366 2016 525 2064 horrificant.
553 2016 607 2077 agit
619 2017 674 2078 ipse
688 2016 817 2066 furentem

131 2104 158 2152 in
171 2104 268 2152 somnis
282 2105 350 2152 ferus
363 2105 466 2154 Aeneas
477 2122 483 2164 ;
504 2118 656 2167 semperque
669 2106 781 2167 relinqui

132 2193 189 2240 cola
201 2192 258 2251 sibi,
274 2208 375 2256 semper
388 2195 494 2255 longam
507 2193 660 2241 incomitata
671 2194 771 2241 videtur

132 2281 169 2330 ire
181 2281 249 2330 viam
263 2290 288 2330 et
299 2283 391 2345 Tyrios
406 2283 507 2331 deserta
520 2297 643 2345 quaerere
656 2289 732 2329 terra.

131 2371 297 2420 eumenidum
309 2371 387 2419 veluti
401 2371 505 2419 demens
518 2371 588 2420 videt
600 2371 705 2433 agmina
718 2369 859 2432 Pentheus,

60 2464 112 2511 470
132 2465 157 2508 et
175 2460 256 2508 solem
274 2459 406 2522 geminum
426 2466 452 2507 ct
469 2461 578 2523 duplicis
598 2476 625 2508 se
644 2459 779 2507 ostendere
792 2459 861 2509 Tbe-

51 2615 54 2619 ῃ
433 2548 493 2608 bas3

115 2644 167 2686 aut
175 2639 410 2702 Agamemnonius
425 2639 530 2690 scaenis
543 2637 662 2700 agitatus
674 2633 782 2679 orestes
