1808 2956
62 169 123 216 362
302 178 328 215 P.
347 177 467 215 unauna
488 175 618 215 aaronis

61 338 112 379 245
133 333 240 394 pallida,
258 333 295 380 dis
308 333 399 383 invisa,
415 345 543 392 superque
557 331 661 379 inmane
675 331 822 381 barathrum

133 429 252 469 cernatur
264 421 444 483 trepidantque
457 419 562 466 inmisso
577 420 675 468 lumine
689 436 788 470 manes.

133 525 195 571 ergo
209 511 338 572 insperata
352 509 505 569 deprensum
518 508 545 554 in
559 509 617 556 lucc
630 517 738 570 repente

133 599 312 659 inclusumque
325 610 387 644 cavo
401 610 464 643 saxo
478 603 555 658 atque
568 597 671 644 insueta
683 598 816 646 rudentem

133 687 243 748 desuper
255 686 361 733 Alcides
374 685 431 732 telis
444 685 537 747 premit
550 686 689 747 omniaque
704 701 777 735 arma

60 780 113 823 250
133 775 242 822 advocat
254 781 279 822 et
291 774 369 822 ramis
382 774 510 835 vastisque
524 773 665 821 molaribus
679 775 768 822 instat.

132 863 177 910 ille
190 870 283 921 autem,
299 877 383 924 neque
396 863 462 910 enim
475 862 538 923 faga
549 863 601 909 iarn
613 861 850 925 superullapericli‚

133 952 249 1000 faucibus
263 951 394 1012 ingentem
406 950 514 1008 fumum,
530 950 648 998 mirabile
661 951 743 1009 dictu,

133 1041 227 1089 evomit
240 1040 397 1100 involvitque
411 1039 516 1085 domum
530 1039 640 1100 ealigine
654 1054 742 1098 caeca,

132 1127 414 1192 prospectumeripiens
428 1127 519 1183 oculis,
535 1128 715 1190 glomeratque
727 1129 776 1176 sub
788 1135 853 1177 antro

60 1223 112 1265 255
133 1216 278 1263 fumiferam
291 1222 394 1262 noctem
407 1215 553 1262 commixtis
567 1217 627 1277 igne
641 1215 765 1264 tenebris.

133 1319 185 1351 noa
199 1303 257 1350 tulit
269 1303 374 1350 Alcides
388 1304 481 1351 animis
495 1319 572 1366 seque
586 1305 640 1366 ipse
654 1319 701 1367 per
713 1306 803 1365 ignem

131 1392 266 1455 praecipiti
279 1392 339 1439 iecit
352 1392 419 1439 saltu
433 1408 484 1453 qua
496 1393 622 1455 plurimus
636 1394 734 1440 undam

132 1481 216 1529 sumus
236 1481 291 1542 agit
304 1479 449 1543 nebulaque
467 1481 559 1542 ingens
573 1496 663 1543 specus
677 1489 781 1530 aestuat
794 1490 852 1531 atra.

132 1571 173 1618 hie
188 1569 286 1618 Cacum
299 1569 324 1616 in
340 1569 450 1616 tenebris
464 1570 584 1617 incendia
597 1583 663 1617 vana
676 1579 823 1619 vomentem

60 1663 112 1707 260
133 1659 238 1722 corripit
250 1657 276 1704 in
291 1657 388 1704 nodum
402 1659 543 1720 conplexus
557 1665 582 1705 et
594 1658 667 1719 angit
679 1659 818 1708 inhaerens

132 1749 208 1796 elisos
222 1747 311 1795 oculos
325 1754 350 1793 et
362 1746 459 1794 siccum
472 1747 598 1808 sanguine
611 1753 708 1808 guttur.

131 1837 253 1899 panditur
266 1835 394 1896 externplo
408 1834 506 1882 foribus
520 1835 611 1882 domus
625 1841 680 1883 atra
693 1837 802 1884 revolsis

131 1924 326 1985 abstractaeque
340 1923 416 1971 boves
430 1923 614 1986 abiurataeque
630 1924 736 1985 rapinae

131 2012 204 2060 caelo
218 2012 388 2059 ostenduntur
400 2012 560 2074 pedibusque
573 2012 682 2060 informe
696 2014 809 2063 cadaver

60 2105 111 2149 265
131 2100 297 2162 protrahitur.
325 2108 458 2162 nequeunt
471 2101 568 2162 expleri
583 2101 661 2148 corda
675 2102 773 2149 tuendo

130 2188 251 2236 terribilis
265 2189 362 2246 oeulos,
378 2189 475 2235 voltum
488 2189 631 2250 villosaque
644 2189 721 2236 saetis

130 2283 236 2339 pectora
249 2277 360 2325 semiferi
375 2284 451 2339 atque
465 2278 591 2324 extinctos
605 2277 723 2324 lancibus
737 2279 817 2340 ignis.

131 2380 163 2414 ex
175 2365 221 2412 illo
235 2365 378 2414 celebratus
392 2366 475 2412 honos
489 2366 600 2427 laetique
614 2365 727 2413 minores

130 2468 261 2502 servavere
275 2453 342 2501 diem
356 2454 505 2516 primusque
518 2454 627 2501 Potitius
641 2460 732 2501 auctor

61 2543 111 2591 270
131 2549 156 2590 et
168 2543 259 2590 domus
273 2542 392 2590 Herculei
406 2549 491 2590 custos
504 2542 609 2590 Pinaria
622 2543 697 2588 sacri.

119 2631 192 2682 dane
204 2648 280 2683 aram
294 2631 356 2682 laco
370 2631 470 2690 statuit,
487 2645 555 2692 quae
566 2629 684 2675 mamma
693 2644 796 2688 semper
