1808 2956
313 189 462 229 Aruernos
480 191 567 229 LIBER
580 191 622 230 111.
800 181 862 228 ‘215

137 347 202 393 ‘sum
215 346 298 409 patria
311 360 343 393 ex
355 346 454 404 Ithace,
471 361 556 397 comes
570 347 680 395 infelicis
693 346 773 404 Ulixi,

137 448 232 482 nornen
244 434 447 493 Achenienides,
467 435 572 482 Troiam
591 436 707 497 genitore
721 435 864 483 Adamasto

65 528 116 571 615
137 537 250 585 paupere
264 523 462 585 (mansissetque
475 523 575 570 utinam
588 522 703 585 fortuna)
717 523 845 586 proiectus

136 611 241 668 hicme,
258 612 318 658 dum
332 594 425 674 trepidi
439 611 554 659 crudelia
567 611 658 659 limina
671 611 779 668 lincunt,

136 699 290 747 inmemores
303 700 367 748 socii
381 708 452 748 vasto
467 697 588 760 Cyclopis
602 699 628 745 in
642 707 716 746 antro

136 788 279 836 deseruere.
307 789 399 835 domus
411 788 483 836 sanie
497 787 658 850 dapibusque
672 787 792 844 cruentis,

135 876 204 923 intus
218 891 309 938 opaca,
325 877 427 938 ingens.
455 876 510 938 ipse
523 875 627 932 arduos,
643 876 748 937 altaque
761 876 847 938 pulsat

64 969 115 1012 620
135 965 221 1013 sidera
234 964 282 1027 (di,
298 966 376 1012 talem
391 965 464 1012 terris
479 964 583 1012 avertite
597 964 716 1026 pestem),

135 1067 182 1100 nec
195 1053 250 1100 asu
263 1053 347 1101 facilis
360 1067 409 1100 nec
422 1053 492 1101 dictu
505 1052 626 1100 adfabilis
640 1052 696 1100 ulli.

134 1141 272 1189 visceribus
286 1142 439 1189 miserorum
452 1149 477 1189 et
489 1141 616 1201 sanguine
629 1141 740 1188 rescitur
753 1149 818 1188 atro.

133 1229 185 1276 vidi
199 1236 310 1292 egomet,
327 1229 378 1277 duo
392 1229 424 1277 dc
437 1243 545 1278 numero
559 1243 617 1278 cam
631 1243 741 1292 corpore
752 1236 841 1279 nostro

135 1332 228 1380 prensa
241 1332 320 1365 manu
332 1332 428 1379 magna
440 1318 526 1366 medio
540 1318 675 1381 resupinus
687 1318 714 1367 in
728 1327 803 1369 antro

63 1409 113 1453 625
134 1405 264 1468 frangeret
276 1407 308 1453 ad
322 1421 413 1454 saxum
427 1407 550 1468 sanieque
564 1406 686 1469 adspersa
700 1413 818 1457 natarent

134 1495 233 1551 limina,
249 1495 300 1542 vidi
314 1493 369 1542 atro
382 1510 442 1543 cum
455 1494 571 1543 membra
583 1495 688 1543 fluentia
701 1494 762 1542 tabo

133 1583 267 1631 manderet
279 1591 304 1631 et
316 1584 395 1646 tepidi
409 1591 547 1633 tremerent
559 1582 605 1630 sub
620 1583 738 1631 dentibus
752 1591 830 1631 artus.

133 1670 201 1718 haud
215 1671 312 1734 inpune
325 1673 446 1735 quidem3
467 1687 514 1720 nec
528 1671 591 1720 talia
604 1685 694 1733 passus
707 1670 796 1721 Ulixes

134 1758 259 1808 oblitusve
272 1760 310 1806 sui
324 1767 362 1808 est
374 1760 478 1807 Ithacus
492 1759 640 1808 discrimine
653 1766 734 1806 tanto.

62 1851 112 1894 630
132 1862 192 1895 nam
206 1848 282 1895 simul
297 1848 413 1910 expletus
427 1848 536 1910 dapibus
550 1848 661 1909 vinoque
673 1848 790 1910 sepultus

132 1937 256 1984 cervicem
269 1937 391 1984 inflexam
404 1937 490 1997 posuit
503 1936 634 1998 iacuitque
647 1949 693 1998 per
706 1944 808 1983 antrum

131 2023 272 2083 inmensus,
288 2025 386 2072 saniem
400 2032 518 2073 eructans
532 2032 557 2073 et
569 2024 650 2072 frusta
664 2032 770 2072 cruento

130 2127 177 2175 per
189 2127 309 2161 somnum
323 2113 463 2161 commixta
476 2127 563 2170 mero,
579 2127 635 2171 nos,
651 2125 748 2173 magna
760 2112 857 2174 precati

131 2202 238 2248 numina
250 2201 385 2263 sortitique
398 2202 475 2258 vices,
491 2215 543 2248 una
556 2201 670 2263 undique
684 2200 781 2248 circum

60 2293 110 2336 635
130 2289 263 2337 fundimur
275 2299 300 2338 et
312 2290 364 2338 telo
378 2291 465 2338 lumen
479 2289 636 2337 terebramus
650 2296 734 2346 acuto,

130 2379 231 2439 ingens,
248 2378 317 2440 quod
331 2387 404 2426 torva
416 2379 501 2425 solum
514 2377 561 2426 sub
576 2377 658 2425 fronte
673 2375 778 2433 latebat,

129 2466 248 2528 Argolici
262 2466 339 2529 clipei
352 2473 397 2513 aut
408 2466 545 2514 Phoebeae
558 2466 686 2528 lampadis
699 2465 791 2519 instar„

131 2561 156 2602 et
168 2553 270 2603 tandem
283 2555 345 2604 laeti
358 2555 494 2605 sociorum
505 2555 665 2605 ulciscimur
678 2551 806 2599 umbras·

117 2642 166 2687 scd
177 2641 271 2704 fugito,
298 2660 315 2693 o
329 2647 421 2699 miseri
433 2686 440 2710 ‚
458 2649 551 2713 fugite
565 2655 654 2709 atque
666 2640 704 2690 ab
714 2637 808 2683 luteis
815 2625 902 2671 iffi
