1808 2956
295 198 319 240 Ρ.
337 201 458 240 VERGILI
477 199 607 241 MARONIS

341 467 493 522 ECLOGA
514 469 564 522 Ill.

148 626 318 664 hunencus.
367 626 537 664 Damouras.
584 629 756 666 PALAEMON.

126 817 154 850 n.
176 801 226 850 Dic
234 801 305 860 mihi,
315 801 452 859 Damoeta,
468 801 554 849 cuium
566 802 661 863 pecus?
674 817 707 849 an
714 803 853 851 Meliboei?

127 906 153 937 n.
176 890 248 949 Non,
283 905 370 938 verum
395 890 526 950 Aegonis3
553 905 635 953 nuper
659 891 722 937 mihi
748 893 854 939 tradidit

428 979 529 1039 Aegon.

128 1083 155 1114 n.
177 1067 272 1117 Infelix
285 1081 300 1113 o
313 1080 422 1129 semper,
438 1066 500 1125 ovis,
517 1068 610 1128 pecus!
631 1068 686 1130 ipse
698 1068 824 1115 Neaeram

128 1157 189 1202 (lum
203 1156 271 1203 foret
284 1171 313 1203 ac
326 1170 359 1202 ne
371 1169 413 1202 mc
426 1155 473 1201 sibi
488 1157 615 1217 praeterat
628 1158 674 1204 illa
687 1166 794 1216 veretur,

95 1250 108 1292 5
128 1245 170 1292 hic
184 1245 283 1292 alienus
297 1245 350 1292 ovis
364 1252 449 1292 custos
463 1245 502 1291 bis
515 1246 613 1306 mulget
626 1246 653 1292 in
668 1246 740 1305 hora,

129 1342 154 1382 et
166 1349 241 1380 sucus
254 1333 340 1396 pecori
355 1322 380 1381 et
392 1333 433 1380 lac
446 1333 597 1381 subducitur
611 1335 692 1394 agius.

128 1437 155 1469 u.
177 1422 283 1469 Parcius
296 1423 346 1469 ista
358 1423 417 1469 viris
432 1430 517 1469 tamen
531 1423 667 1470 obicienda
680 1432 817 1470 memento.

129 1512 246 1558 novimus
260 1521 284 1559 et
298 1512 342 1573 qui
356 1520 388 1570 te,
405 1518 549 1558 transversa
562 1511 691 1558 tuentibus
705 1512 813 1573 hirquis,

129 1607 154 1647 et
167 1615 218 1662 quo
233 1601 289 1662 (scd
303 1601 391 1648 faciles
405 1601 533 1663 nymphae
547 1601 636 1663 risere)
650 1601 755 1647 sacello.

79 1694 110 1736 10
129 1705 157 1736 u.
179 1689 255 1745 Tum,
271 1689 360 1748 credo,
378 1705 436 1737 cum
449 1703 489 1736 ure
503 1689 635 1735 arbustum
649 1689 733 1735 videre
747 1689 856 1735 Miconis

129 1785 206 1840 atque
219 1778 289 1824 mula
301 1778 358 1825 vitis
371 1778 485 1825 incidere
498 1778 564 1824 falce
578 1778 701 1824 novellas.

129 1882 156 1913 o.
178 1868 231 1913 Aut
245 1867 286 1913 hic
300 1865 331 1912 ad
345 1865 436 1913 veteris
450 1865 523 1925 fagos
537 1880 595 1912 curn
607 1864 755 1925 Daphnidis
769 1878 857 1910 arcum

130 1955 226 2016 fregisti
241 1962 266 2002 et
279 1955 407 2001 calamos:
429 1966 495 2013 quae
509 1959 545 2009 tu,
561 1966 677 2012 peruerse
691 1951 819 2008 Menalca,

130 2050 155 2090 et
168 2057 226 2089 cum
239 2041 323 2087 vidisti
337 2054 416 2103 puero
431 2039 536 2095 donate,
553 2039 667 2096 dolebas,

80 2135 109 2176 15
130 2130 187 2178 etsi
202 2143 253 2175 non
268 2128 357 2189 aliqua
369 2127 511 2185 nocuisses,
527 2134 643 2173 mortuns
657 2141 733 2173 csses.

130 2233 158 2263 ru.
181 2215 249 2274 Quid
264 2216 361 2262 domini
376 2215 480 2273 faciant,
497 2216 593 2263 audent
606 2230 664 2262 cum
678 2214 741 2261 talia
754 2214 840 2261 siries?

130 2318 183 2349 non
197 2317 246 2364 ego
260 2311 283 2350 te
296 2303 347 2350 vidi
360 2303 496 2362 Damonis,
512 2305 631 2365 pessime,
648 2317 753 2364 caprum

131 2388 248 2450 excipere
261 2389 371 2448 insidiis,
386 2391 496 2438 multum
510 2392 620 2439 latrante
634 2390 759 2453 Lycisca?

130 2485 155 2520 ct
168 2492 226 2521 cum
240 2478 379 2524 clamarem
389 2469 452 2538 ‘quo
466 2495 535 2527 nunc
548 2495 575 2528 se
588 2481 697 2541 proripit
710 2480 770 2527 ille?

78 2566 111 2608 20
131 2562 228 2622 Tityre,
245 2577 309 2624 coge
321 2557 419 2625 pecus,'
433 2573 459 2612 tu
472 2572 531 2626 post
544 2573 645 2613 carecta
657 2565 764 2613 latebas.

130 2664 157 2696 n.
180 2649 222 2696 Λη
235 2650 298 2696 mihi
313 2652 441 2698 cantando
455 2651 535 2698 victus
549 2665 602 2699 uon
615 2651 733 2699 redderet
745 2652 790 2698 ille
