1808 2956
266 172 413 213 Aunnrnos
430 175 517 215 LIBER
533 177 587 216 XII.
762 170 820 217 513

98 345 221 394 armaque
233 331 374 394 deposuere
387 333 489 380 umeris.
517 340 602 395 stupet
614 336 668 396 ipse
681 334 789 383 Latinus

97 420 218 482 ingentis,
234 421 335 480 genitos
350 421 454 468 diversis
468 421 581 482 pertibus
596 421 673 482 orbis,

97 509 164 556 inter
176 523 203 556 se
218 509 309 556 coiisse
322 509 388 556 viros
403 517 427 556 et
441 523 542 557 cernere
556 510 633 557 ferro.

52 603 77 645 io
98 604 175 659 atque
188 597 236 655 illi,
252 604 280 644 ut
293 612 373 644 vacuo
388 605 525 660 patuerunt
537 613 650 660 aequore
664 600 756 661 campi,

97 699 222 748 procursu
236 686 335 747 rapido,
352 685 473 733 coniectis
488 686 586 733 eminus
600 686 687 745 hastis,

97 774 222 822 invadunt
234 775 343 821 Martem
357 774 445 836 clipeis
460 782 537 836 atque
551 789 608 822 aere
621 790 725 823 sonoro.

99 863 143 909 dut
155 864 278 923 gemitum
293 863 377 910 tellus.
406 869 460 924 tum
474 862 575 910 crebros
590 863 693 910 ensibus
706 864 771 911 ictus

98 953 296 1012 congeminant3
318 951 370 998 fors
385 958 409 998 et
420 951 498 998 virtus
512 951 651 999 miscentur
663 953 690 999 in
703 967 792 999 unum.

52 1044 77 1086 15
98 1054 128 1087 ae
141 1040 210 1087 velut
222 1041 319 1101 ingenti
334 1039 388 1087 Sila
401 1054 533 1087 summove
543 1039 665 1087 Taburno

99 1143 157 1176 cum
171 1128 221 1175 duo
236 1128 363 1177 conversis
377 1128 482 1177 inimica
494 1128 521 1174 in
534 1129 634 1190 proelia
647 1129 712 1176 tauri

98 1217 224 1264 frontibus
237 1218 386 1276 incurrunt3
407 1217 493 1279 pavidi
507 1231 605 1264 cessere
620 1216 752 1278 magistri;

97 1312 148 1353 stat
161 1320 238 1367 pecus
252 1321 328 1354 omne
340 1313 409 1354 metu
423 1312 522 1353 mutum
530 1312 695 1367 mussantque
703 1304 824 1352 iuvencae

99 1393 156 1454 quis
170 1395 267 1441 nemori
281 1395 416 1457 imperitet,
431 1409 507 1456 quern
522 1401 575 1441 tota
589 1400 705 1441 armenta
717 1407 826 1454 sequan-

399 1490 455 1541 tnr3

52 1573 79 1615 ΞΟ
100 1567 138 1613 illi
152 1567 218 1614 inter
230 1583 285 1615 sese
298 1571 379 1617 multe
391 1571 414 1616 vi
428 1572 533 1618 volnera
546 1569 654 1616 miscent

100 1668 248 1715 cornuaque
261 1655 350 1702 obnixi
363 1657 474 1717 infigunt
487 1665 511 1706 et
524 1657 649 1719 sunguine
663 1657 736 1717 largo

99 1743 168 1792 colla
187 1757 324 1804 armosque
344 1745 445 1803 lavant3
465 1746 562 1806 gemitu
581 1760 671 1793 nemus
692 1759 768 1793 omne
787 1758 825 1792 re·

400 1833 495 1893 mugit:

98 1936 152 1969 non
165 1920 240 1967 aliter
252 1919 317 1965 Tros
331 1920 433 1966 Aeneas
448 1928 472 1967 et
484 1920 600 1967 Daunius
614 1920 689 1968 heros

99 2015 255 2057 concurrunt
268 2008 357 2070 clipeis
368 2023 374 2066 3
388 2007 479 2068 ingens
493 2008 580 2068 fragor
592 2008 697 2057 aethera
710 2009 821 2070 conplet.

52 2104 78 2147 25
97 2098 213 2161 Iuppiter
225 2097 280 2160 ipse
294 2098 358 2144 duas
372 2103 482 2157 aequato
496 2095 613 2144 examine
627 2096 713 2144 lances

99 2187 206 2234 sustinet
220 2193 244 2234 et
257 2186 310 2234 fate
322 2185 423 2247 inponit
436 2185 535 2231 diverse
548 2183 666 2242 duorum,

99 2289 175 2338 quem
190 2276 293 2322 damnet
306 2274 380 2322 labor
393 2281 418 2321 et
431 2288 481 2335 quo
495 2278 583 2332 vergat
596 2272 709 2333 pondere
722 2272 811 2320 letum.

99 2365 192 2412 emicat
205 2364 255 2421 hic,
271 2363 367 2425 inpune
381 2369 482 2424 putans,
498 2367 523 2408 ct
536 2374 643 2421 corpore
656 2364 710 2406 toto

99 2453 150 2500 alte
163 2452 293 2500 sublatum
306 2451 438 2511 consurgit
450 2450 552 2497 Turnus
566 2449 593 2495 in
607 2461 693 2496 ensem

52 2547 79 2590 30
99 2548 125 2589 et
137 2541 203 2588 ferit.
231 2542 377 2588 exclamant
390 2540 470 2587 Troes
484 2537 628 2601 trepidique
642 2535 741 2592 Latini„

97 2636 263 2691 arrectaeque
276 2629 416 2678 amborum
429 2629 511 2680 ecies.
538 2634 570 2676 et
578 2624 704 2690 perimus
716 2617 794 2664 ensxs

73 2709 195 2763 Vmffl'iins.
662 2703 707 2750 Ὦ)
