1808 2956
272 328 421 368 Auamnos
439 329 526 368 LIBER
544 330 586 368 XI.
768 321 830 368 457

50 491 83 535 95
104 486 227 547 frenaque
241 485 416 546 ferventesque
430 493 508 545 rotae,
524 501 583 548 pars
597 500 704 535 munera
717 495 787 546 nota,

102 575 218 636 ipsorum
232 575 329 635 clipeos
343 580 368 621 et
380 588 433 620 non
446 573 533 622 felicia
546 575 607 622 tela.

103 663 184 710 multa
198 662 276 709 boum
290 663 359 710 circa
371 669 517 710 mactantur
530 677 639 724 corpora
651 662 728 710 Morti

103 752 297 812 saetigerosque
311 764 368 797 sues
382 759 520 812 raptasque
533 765 565 799 ex
578 750 698 822 omnibus
712 751 780 812 agris

102 840 129 886 in
142 839 272 886 flammam
285 839 406 898 iugulant
418 839 538 900 pecudes.
567 847 621 886 tum
634 840 710 887 litore
723 846 779 886 toto

50 933 83 977 00
103 928 216 976 ardentis
230 934 348 988 spectant
359 927 444 974 socios
458 933 621 988 semustaque
635 934 736 974 servant

103 1017 187 1072 busta,
203 1029 286 1076 neque
300 1015 377 1063 avelli
390 1023 506 1076 possunt,
522 1029 575 1062 nox
588 1016 676 1063 umida
690 1016 773 1064 donec

102 1104 205 1151 invertit
218 1104 319 1151 caelum
332 1103 413 1151 stellis
426 1102 575 1151 ardentibus
590 1110 686 1165 aptum.

137 1191 190 1239 Nec
203 1192 288 1239 minus
301 1199 326 1240 et
338 1191 424 1239 miseri
438 1191 538 1240 diversa
550 1191 577 1237 in
590 1199 663 1253 parte
675 1191 762 1240 Latini

101 1280 249 1328 innumeras
262 1288 378 1328 struxere
391 1295 469 1342 pyras
483 1288 508 1327 et
520 1295 630 1342 corpora
642 1280 737 1343 partim

49 1373 81 1417 05
102 1368 184 1415 multa
196 1368 277 1416 virum
291 1377 374 1417 terrae
386 1368 518 1416 infodiunt
530 1375 670 1430 avectaque
684 1369 777 1431 partim

102 1456 224 1504 finitimos
237 1458 333 1505 tollunt
345 1458 372 1504 in
386 1472 462 1518 agros
477 1456 585 1519 urbique
598 1458 739 1516 remittunt,

103 1552 187 1594 cetera
200 1545 373 1608 confusaeque
386 1547 517 1606 ingentem
530 1546 616 1593 caedis
631 1560 749 1609 acervom

100 1649 148 1682 nec
168 1649 275 1681 numero
295 1649 342 1682 nec
366 1635 464 1681 honore
484 1642 613 1692 cremant3
634 1643 695 1682 tunc
715 1634 834 1696 undique

401 1723 465 1768 vasti

102 1808 218 1855 certatim
231 1808 325 1855 crebris
340 1810 478 1856 conlucent
489 1810 593 1870 ignibus
607 1811 671 1871 agri.

50 1904 81 1946 10
101 1896 177 1943 tertia
190 1897 235 1942 lux
248 1897 361 1957 gelidam
375 1897 447 1944 caelo
461 1897 604 1944 dimoverat
617 1899 748 1946 umbram:

100 1991 243 2032 maerentes
257 1985 338 2032 altum
352 1984 463 2031 cinerem
477 1992 502 2032 et
515 1985 624 2032 confusa
636 1985 745 2034 ruebant

100 2088 160 2121 ossa
173 2072 236 2120 focis
250 2073 388 2135 tepidoque
402 2074 546 2120 onerabant
559 2087 652 2134 aggere
666 2080 757 2122 terrae.

100 2162 152 2208 iam
166 2175 225 2208 vcro
239 2162 264 2208 in
280 2162 361 2223 tectis,
377 2162 525 2224 praedivitis
539 2162 602 2210 urbe
615 2162 711 2219 Latini,

100 2252 252 2313 praecipuos
266 2251 354 2312 fragor
366 2258 392 2298 et
404 2251 476 2313 longi
489 2266 549 2313 pars
562 2251 676 2299 maxima
689 2251 782 2298 luctus,

50 2343 80 2385 15
100 2338 142 2386 hic
156 2347 249 2387 matres
262 2339 422 2400 miseraeque
434 2354 523 2398 nurus,
540 2340 582 2388 hic
596 2355 656 2388 cara
669 2354 787 2386 sororum

100 2434 206 2487 pectora
218 2435 380 2476 maerentum
392 2428 516 2490 puerique
530 2428 679 2491 parentibus
693 2428 748 2486 orbi

101 2514 185 2561 dirum
200 2523 353 2563 execrantur
366 2515 463 2564 bellum
476 2516 611 2579 Turnique
624 2517 798 2578 hymenaeos;

99 2602 184 2664 ipsum
198 2605 275 2652 armis
288 2605 426 2667 ipsumque
439 2604 529 2653 iubent
542 2605 679 2653 decernere
691 2605 758 2653 ferro

101 2692 143 2754 qui
158 2707 266 2753 regnum
279 2693 370 2741 Italiae
388 2701 413 2741 et
430 2693 527 2756 primos
540 2693 591 2742 sibi
603 2699 700 2754 qoscat
706 2692 844 2737 bonores.

50 2784 80 2826 20
96 2781 216 2841 ingravat
226 2781 292 2830 baec
305 2797 398 2833 saevos
411 2782 539 2834 Drances
552 2782 705 2840 solumque
714 2769 817 2818 noem
