1808 2956
318 184 344 221 P.
362 184 483 223 VERGILI
503 182 633 223 MARONIS

125 340 182 402 ipsa
195 339 240 387 tibi
254 339 364 387 blandos
377 340 486 387 fundent
499 341 629 389 cunabula
641 342 725 388 flores.

125 428 225 476 occidet
237 435 262 476 et
274 443 378 490 serpens
392 436 417 476 et
429 429 510 476 fallax
523 430 602 478 herba
615 431 705 477 veneni

73 522 105 565 25
125 517 241 576 occidet3
261 517 397 578 Assyrium
409 518 486 579 volgo
500 527 619 565 nascetur
632 534 772 565 amomum.

125 613 151 653 at
163 606 239 653 simul
253 606 360 654 heroum
374 606 463 654 laudes
477 614 502 653 et
514 606 583 654 facta
595 607 709 668 parentis

124 694 176 742 iam
189 695 274 756 legere
289 702 314 742 et
327 709 393 757 quae
406 694 440 742 sit
451 694 547 757 poteris
561 709 718 755 cognoscere
732 696 789 742 rirtr

124 784 197 830 molli
210 784 347 845 paullatim
359 783 478 831 flavescet
494 798 600 846 campus
615 783 693 830 arist-a

122 871 279 933 incultisque
291 871 385 918 rubens
399 870 521 933 pendebit
533 870 647 918 sentibus
660 886 710 918 uva

71 964 104 1007 30
124 968 149 1007 et
162 960 241 1007 durae
254 973 363 1020 quercus
378 959 507 1006 sudabunt
520 960 623 1006 roscida
635 960 723 1007 mella.

124 1062 208 1109 pauca
220 1054 306 1094 tamen
320 1046 443 1094 suberunt
455 1046 554 1108 priscae
567 1047 674 1108 vestigia
686 1048 789 1106 fraudis

124 1150 191 1198 quae
203 1142 328 1197 temptare
336 1135 440 1182 Thetim
452 1134 558 1194 ratibus,
574 1151 641 1197 quae
655 1135 759 1197 cingere
772 1152 788 1183 11

124 1224 228 1286 oppida,
245 1237 311 1286 quae
324 1222 429 1271 iubeant
441 1223 527 1271 telluri
540 1223 666 1270 infindere
682 1226 776 1272 sulcos.

124 1313 189 1360 alter·
201 1311 249 1360 erit
261 1320 315 1359 tam
327 1311 424 1374 Tiphys
438 1319 464 1360 et
476 1313 557 1359 altera
570 1327 637 1374 quae
649 1312 725 1359 vehat
738 1315 789 1374 Arg

71 1406 103 1448 35
125 1401 237 1448 delectos
251 1400 352 1459 heroes,
367 1408 443 1448 emnt
454 1401 532 1448 etiam
547 1401 628 1447 altera
641 1400 709 1448 bella

124 1496 201 1551 atque
213 1489 306 1536 itemm
319 1489 351 1536 ed
359 1488 465 1537 Troiam
477 1503 587 1549 magnus
599 1488 713 1535 mittetur
722 1489 788 1536 Aelii

124 1577 184 1626 hinc
198 1577 241 1624 ubi
254 1577 306 1624 iarn
320 1577 421 1624 firmata
433 1578 515 1625 viram
529 1584 553 1624 te
564 1577 654 1623 iecerit
668 1584 747 1637 actas,

124 1667 198 1714 cedet
210 1666 301 1728 etipse
314 1666 378 1713 mari
392 1673 478 1714 vector
490 1680 537 1712 nec
551 1664 655 1712 nautica
667 1666 743 1728 pinus

123 1755 233 1802 mutabit
245 1768 351 1812 merces,
367 1754 450 1801 omnis
464 1754 528 1801 seret
540 1753 627 1800 omnia
640 1754 724 1801 tellus.

71 1849 104 1890 40
124 1857 177 1890 non
190 1850 285 1891 rastros
298 1843 409 1904 patietur
421 1841 523 1900 humus,
539 1856 591 1888 non
604 1842 679 1889 vinea
692 1842 784 1890 falcem

124 1931 243 1979 robustus
257 1945 360 1993 quoque
374 1931 425 1977 iam
438 1930 517 1977 tauris
530 1930 593 1990 iuga
605 1930 687 1977 solvet
700 1939 786 1978 arator

124 2035 171 2068 nec
185 2020 267 2067 varios
281 2019 362 2067 discet
373 2018 476 2066 mentiri
488 2018 549 2066 lana
562 2017 670 2076 colores,

123 2108 178 2171 ipse
191 2108 235 2156 sed
248 2108 275 2154 in
288 2107 367 2170 pratis
381 2104 446 2154 aries
459 2106 511 2153 iam
524 2120 601 2153 suave
614 2106 715 2154 rubenti

124 2196 229 2255 murice,
244 2197 297 2244 iam
310 2209 400 2244 croceo
414 2194 523 2242 mutabit
535 2194 630 2242 vellera
642 2195 712 2252 lut03

71 2289 103 2333 45
124 2291 216 2346 sponte
228 2299 275 2331 sua
288 2283 387 2344 sandyx
400 2283 528 2345 pascentis
540 2282 631 2331 vestiet
643 2296 734 2344 agnos.

121 2362 195 2420 ‘talia
207 2363 300 2420 saecla’
313 2371 365 2418 sais
379 2371 500 2420 dixerant
508 2361 621 2420 ‘currite'
634 2353 696 2418 susis

124 2459 265 2509 concordes
278 2458 364 2507 stabili
378 2459 489 2508 latorum
502 2460 607 2508 numine
620 2473 722 2521 parcae.

123 2548 265 2610 adgredere
276 2561 293 2594 o
304 2562 414 2610 magnos
427 2548 522 2611 (aderit
534 2548 587 2596 iam
599 2545 789 2610 tempus)·hon‹

125 2651 186 2685 cara
197 2636 275 2685 deum
287 2636 537 2698 subolessmagnam
549 2635 789 2684 lovisinerementu
