<?xml version="1.0" encoding="UTF-8"?>
<!DOCTYPE html PUBLIC "-//W3C//DTD XHTML 1.0 Transitional//EN"
    "http://www.w3.org/TR/xhtml1/DTD/xhtml1-transitional.dtd">
<html xmlns="http://www.w3.org/1999/xhtml" xml:lang="en" lang="en">
 <head>
  <title>
</title>
<meta http-equiv="Content-Type" content="text/html;charset=utf-8" />
  <meta name='ocr-system' content='tesseract 3.04.00' />
  <meta name='ocr-capabilities' content='ocr_page ocr_carea ocr_par ocr_line ocrx_word'/>
</head>
<body>
  <div class='ocr_page' id='page_1' title='image "./pvergiliusmaro00virggoog/pvergiliusmaro00virggoog_0347.png"; bbox 0 0 1808 2956; ppageno 0'>
   <div class='ocr_carea' id='block_1_1' title="bbox 58 176 617 223">
    <p class='ocr_par' dir='ltr' id='par_1_1' title="bbox 58 176 617 223">
     <span class='ocr_line' id='line_1_1' title="bbox 58 176 617 223; baseline -0.004 0"><span class='ocrx_word' id='word_1_1' title='bbox 58 176 118 223; x_wconf 79' lang='grc'><strong>348</strong></span> <span class='ocrx_word' id='word_1_2' title='bbox 296 183 321 221; x_wconf 85' lang='grc' dir='ltr'><strong>Ρ.</strong></span> <span class='ocrx_word' id='word_1_3' title='bbox 339 182 461 221; x_wconf 81' lang='lat' dir='ltr'>VERGILI</span> <span class='ocrx_word' id='word_1_4' title='bbox 481 182 617 222; x_wconf 74' lang='lat' dir='ltr'><strong>Maaonts</strong></span> 
     </span>
    </p>
   </div>
   <div class='ocr_carea' id='block_1_2' title="bbox 59 339 838 2713">
    <p class='ocr_par' dir='ltr' id='par_1_2' title="bbox 127 339 734 401">
     <span class='ocr_line' id='line_1_2' title="bbox 127 339 734 401; baseline -0.002 -12"><span class='ocrx_word' id='word_1_5' title='bbox 127 341 179 389; x_wconf 91' lang='lat' dir='ltr'><strong>iam</strong></span> <span class='ocrx_word' id='word_1_6' title='bbox 192 339 293 398; x_wconf 80' lang='lat' dir='ltr'><strong>seni0r3</strong></span> <span class='ocrx_word' id='word_1_7' title='bbox 313 339 403 401; x_wconf 89' lang='lat' dir='ltr'><strong>patriis</strong></span> <span class='ocrx_word' id='word_1_8' title='bbox 415 339 461 386; x_wconf 87' lang='lat' dir='ltr'><strong>sed</strong></span> <span class='ocrx_word' id='word_1_9' title='bbox 474 352 527 385; x_wconf 90' lang='lat' dir='ltr'><strong>non</strong></span> <span class='ocrx_word' id='word_1_10' title='bbox 541 347 567 387; x_wconf 87' lang='lat' dir='ltr'><strong>et</strong></span> <span class='ocrx_word' id='word_1_11' title='bbox 580 340 651 388; x_wconf 85' lang='lat' dir='ltr'><strong>lilius</strong></span> <span class='ocrx_word' id='word_1_12' title='bbox 665 342 734 389; x_wconf 78' lang='lat' dir='ltr'><strong>areis</strong></span> 
     </span>
    </p>

    <p class='ocr_par' dir='ltr' id='par_1_3' title="bbox 128 426 701 477">
     <span class='ocr_line' id='line_1_3' title="bbox 128 426 701 477; baseline 0 0"><span class='ocrx_word' id='word_1_13' title='bbox 128 435 263 477; x_wconf 90' lang='lat' dir='ltr'><strong>contentus</strong></span> <span class='ocrx_word' id='word_1_14' title='bbox 277 429 328 475; x_wconf 88' lang='lat' dir='ltr'><strong>late</strong></span> <span class='ocrx_word' id='word_1_15' title='bbox 341 428 394 475; x_wconf 90' lang='lat' dir='ltr'><strong>iam</strong></span> <span class='ocrx_word' id='word_1_16' title='bbox 407 434 461 474; x_wconf 90' lang='lat' dir='ltr'><strong>tum</strong></span> <span class='ocrx_word' id='word_1_17' title='bbox 474 426 578 476; x_wconf 88' lang='lat' dir='ltr'><strong>dicione</strong></span> <span class='ocrx_word' id='word_1_18' title='bbox 591 428 701 477; x_wconf 89' lang='lat' dir='ltr'><strong>tenebat</strong></span> 
     </span>
    </p>

    <p class='ocr_par' dir='ltr' id='par_1_4' title="bbox 128 515 815 580">
     <span class='ocr_line' id='line_1_4' title="bbox 128 515 815 580; baseline -0.004 -14"><span class='ocrx_word' id='word_1_19' title='bbox 128 516 251 566; x_wconf 76' lang='lat' dir='ltr'><strong>Sarrastis</strong></span> <span class='ocrx_word' id='word_1_20' title='bbox 264 516 375 578; x_wconf 90' lang='lat' dir='ltr'><strong>populos</strong></span> <span class='ocrx_word' id='word_1_21' title='bbox 389 524 493 577; x_wconf 86' lang='lat' dir='ltr'><strong>atquae</strong></span> <span class='ocrx_word' id='word_1_22' title='bbox 506 515 575 576; x_wconf 83' lang='lat' dir='ltr'><strong>rigat</strong></span> <span class='ocrx_word' id='word_1_23' title='bbox 587 530 708 580; x_wconf 87' lang='lat' dir='ltr'><strong>aequora</strong></span> <span class='ocrx_word' id='word_1_24' title='bbox 721 517 815 573; x_wconf 85' lang='lat' dir='ltr'><strong>Sarnus,</strong></span> 
     </span>
    </p>

    <p class='ocr_par' dir='ltr' id='par_1_5' title="bbox 128 601 838 751">
     <span class='ocr_line' id='line_1_5' title="bbox 128 601 838 669; baseline -0.007 -15"><span class='ocrx_word' id='word_1_25' title='bbox 128 606 225 668; x_wconf 89' lang='lat' dir='ltr'><strong>quique</strong></span> <span class='ocrx_word' id='word_1_26' title='bbox 237 604 329 652; x_wconf 82' lang='lat' dir='ltr'><strong>Rufras</strong></span> <span class='ocrx_word' id='word_1_27' title='bbox 342 605 517 665; x_wconf 77' lang='lat' dir='ltr'>Batulumque</span> <span class='ocrx_word' id='word_1_28' title='bbox 534 610 625 652; x_wconf 81' lang='lat' dir='ltr'><strong>tenent</strong></span> <span class='ocrx_word' id='word_1_29' title='bbox 644 612 727 669; x_wconf 90' lang='lat' dir='ltr'><strong>atquc</strong></span> <span class='ocrx_word' id='word_1_30' title='bbox 743 601 838 656; x_wconf 74' lang='lat' dir='ltr'><strong>artace</strong></span> 
     </span>
     <span class='ocr_line' id='line_1_6' title="bbox 430 694 540 751; baseline 0 -11"><span class='ocrx_word' id='word_1_31' title='bbox 430 694 540 751; x_wconf 80' lang='lat' dir='ltr'>lemnae,</span> 
     </span>
    </p>

    <p class='ocr_par' dir='ltr' id='par_1_6' title="bbox 59 781 808 1109">
     <span class='ocr_line' id='line_1_7' title="bbox 59 781 795 844; baseline 0.001 -13"><span class='ocrx_word' id='word_1_32' title='bbox 59 788 109 831; x_wconf 70' lang='lat'><strong>740</strong></span> <span class='ocrx_word' id='word_1_33' title='bbox 129 790 154 831; x_wconf 90' lang='lat' dir='ltr'><strong>et</strong></span> <span class='ocrx_word' id='word_1_34' title='bbox 166 796 232 844; x_wconf 87' lang='lat' dir='ltr'><strong>quos</strong></span> <span class='ocrx_word' id='word_1_35' title='bbox 245 781 378 830; x_wconf 80' lang='lat' dir='ltr'><strong>maliferae</strong></span> <span class='ocrx_word' id='word_1_36' title='bbox 391 781 543 842; x_wconf 82' lang='lat' dir='ltr'><strong>despectant</strong></span> <span class='ocrx_word' id='word_1_37' title='bbox 555 781 663 830; x_wconf 89' lang='lat' dir='ltr'><strong>moenia</strong></span> <span class='ocrx_word' id='word_1_38' title='bbox 674 782 795 837; x_wconf 77' lang='lat' dir='ltr'><strong>Abellae,</strong></span> 
     </span>
     <span class='ocr_line' id='line_1_8' title="bbox 129 869 683 930; baseline -0.002 -11"><span class='ocrx_word' id='word_1_39' title='bbox 129 870 274 919; x_wconf 85' lang='lat' dir='ltr'><strong>Teutonico</strong></span> <span class='ocrx_word' id='word_1_40' title='bbox 287 870 337 917; x_wconf 92' lang='lat' dir='ltr'><strong>ritu</strong></span> <span class='ocrx_word' id='word_1_41' title='bbox 350 869 420 917; x_wconf 90' lang='lat' dir='ltr'><strong>soliti</strong></span> <span class='ocrx_word' id='word_1_42' title='bbox 433 876 554 930; x_wconf 90' lang='lat' dir='ltr'><strong>torquere</strong></span> <span class='ocrx_word' id='word_1_43' title='bbox 567 870 683 929; x_wconf 84' lang='lat' dir='ltr'><strong>catcias3</strong></span> 
     </span>
     <span class='ocr_line' id='line_1_9' title="bbox 129 957 808 1021; baseline 0.003 -14"><span class='ocrx_word' id='word_1_44' title='bbox 129 959 245 1021; x_wconf 89' lang='lat' dir='ltr'><strong>tegmina</strong></span> <span class='ocrx_word' id='word_1_45' title='bbox 257 958 314 1020; x_wconf 93' lang='lat' dir='ltr'><strong>quis</strong></span> <span class='ocrx_word' id='word_1_46' title='bbox 328 957 443 1020; x_wconf 90' lang='lat' dir='ltr'><strong>capitum</strong></span> <span class='ocrx_word' id='word_1_47' title='bbox 455 964 544 1020; x_wconf 86' lang='lat' dir='ltr'><strong>raptus</strong></span> <span class='ocrx_word' id='word_1_48' title='bbox 558 957 591 1006; x_wconf 89' lang='lat' dir='ltr'><strong>de</strong></span> <span class='ocrx_word' id='word_1_49' title='bbox 603 958 700 1009; x_wconf 88' lang='lat' dir='ltr'><strong>subere</strong></span> <span class='ocrx_word' id='word_1_50' title='bbox 714 968 808 1016; x_wconf 82' lang='lat' dir='ltr'><strong>cortex,</strong></span> 
     </span>
     <span class='ocr_line' id='line_1_10' title="bbox 130 1045 793 1109; baseline -0.002 -13"><span class='ocrx_word' id='word_1_51' title='bbox 130 1056 284 1109; x_wconf 85' lang='lat' dir='ltr'><strong>aerataeque</strong></span> <span class='ocrx_word' id='word_1_52' title='bbox 296 1046 394 1095; x_wconf 85' lang='lat' dir='ltr'><strong>micant</strong></span> <span class='ocrx_word' id='word_1_53' title='bbox 406 1047 500 1108; x_wconf 87' lang='lat' dir='ltr'><strong>peltae,</strong></span> <span class='ocrx_word' id='word_1_54' title='bbox 516 1045 596 1093; x_wconf 89' lang='lat' dir='ltr'><strong>micat</strong></span> <span class='ocrx_word' id='word_1_55' title='bbox 608 1061 702 1096; x_wconf 89' lang='lat' dir='ltr'><strong>aereus</strong></span> <span class='ocrx_word' id='word_1_56' title='bbox 717 1049 793 1097; x_wconf 85' lang='lat' dir='ltr'><strong>ensis.</strong></span> 
     </span>
    </p>

    <p class='ocr_par' dir='ltr' id='par_1_7' title="bbox 164 1135 764 1196">
     <span class='ocr_line' id='line_1_11' title="bbox 164 1135 764 1196; baseline 0.007 -14"><span class='ocrx_word' id='word_1_57' title='bbox 164 1136 196 1183; x_wconf 84' lang='lat' dir='ltr'><strong>Et</strong></span> <span class='ocrx_word' id='word_1_58' title='bbox 209 1143 234 1183; x_wconf 86' lang='lat' dir='ltr'><strong>te</strong></span> <span class='ocrx_word' id='word_1_59' title='bbox 246 1144 381 1183; x_wconf 83' lang='lat' dir='ltr'><strong>montosae</strong></span> <span class='ocrx_word' id='word_1_60' title='bbox 393 1136 486 1183; x_wconf 87' lang='lat' dir='ltr'><strong>misere</strong></span> <span class='ocrx_word' id='word_1_61' title='bbox 499 1135 526 1181; x_wconf 91' lang='lat' dir='ltr'><strong>in</strong></span> <span class='ocrx_word' id='word_1_62' title='bbox 539 1135 641 1196; x_wconf 90' lang='lat' dir='ltr'><strong>proelia</strong></span> <span class='ocrx_word' id='word_1_63' title='bbox 652 1135 764 1196; x_wconf 86' lang='lat' dir='ltr'><strong>Nersae,</strong></span> 
     </span>
    </p>

    <p class='ocr_par' dir='ltr' id='par_1_8' title="bbox 60 1221 791 1641">
     <span class='ocr_line' id='line_1_12' title="bbox 60 1221 728 1285; baseline -0.004 -10"><span class='ocrx_word' id='word_1_64' title='bbox 60 1230 109 1276; x_wconf 77' lang='lat'><strong>745</strong></span> <span class='ocrx_word' id='word_1_65' title='bbox 129 1224 218 1282; x_wconf 78' lang='lat' dir='ltr'><strong>Ufens,</strong></span> <span class='ocrx_word' id='word_1_66' title='bbox 233 1223 363 1284; x_wconf 84' lang='lat' dir='ltr'><strong>insignem</strong></span> <span class='ocrx_word' id='word_1_67' title='bbox 376 1223 446 1271; x_wconf 83' lang='lat' dir='ltr'><strong>sama</strong></span> <span class='ocrx_word' id='word_1_68' title='bbox 458 1230 484 1270; x_wconf 90' lang='lat' dir='ltr'><strong>et</strong></span> <span class='ocrx_word' id='word_1_69' title='bbox 496 1221 615 1270; x_wconf 82' lang='lat' dir='ltr'><strong>salicibus</strong></span> <span class='ocrx_word' id='word_1_70' title='bbox 629 1225 728 1285; x_wconf 80' lang='lat' dir='ltr'><strong>armis3</strong></span> 
     </span>
     <span class='ocr_line' id='line_1_13' title="bbox 130 1311 791 1375; baseline 0.003 -15"><span class='ocrx_word' id='word_1_71' title='bbox 130 1312 236 1360; x_wconf 91' lang='lat' dir='ltr'><strong>horrida</strong></span> <span class='ocrx_word' id='word_1_72' title='bbox 248 1311 386 1374; x_wconf 89' lang='lat' dir='ltr'><strong>praecipue</strong></span> <span class='ocrx_word' id='word_1_73' title='bbox 400 1311 440 1359; x_wconf 93' lang='lat' dir='ltr'><strong>cui</strong></span> <span class='ocrx_word' id='word_1_74' title='bbox 454 1325 517 1372; x_wconf 86' lang='lat' dir='ltr'><strong>gens</strong></span> <span class='ocrx_word' id='word_1_75' title='bbox 531 1311 693 1375; x_wconf 88' lang='lat' dir='ltr'><strong>adsuetaque</strong></span> <span class='ocrx_word' id='word_1_76' title='bbox 706 1315 791 1362; x_wconf 91' lang='lat' dir='ltr'><strong>multo</strong></span> 
     </span>
     <span class='ocr_line' id='line_1_14' title="bbox 128 1399 751 1462; baseline 0.006 -14"><span class='ocrx_word' id='word_1_77' title='bbox 128 1408 222 1450; x_wconf 86' lang='lat' dir='ltr'><strong>venatu</strong></span> <span class='ocrx_word' id='word_1_78' title='bbox 235 1414 378 1458; x_wconf 81' lang='lat' dir='ltr'><strong>nemorum,</strong></span> <span class='ocrx_word' id='word_1_79' title='bbox 394 1400 464 1446; x_wconf 86' lang='lat' dir='ltr'><strong>duris</strong></span> <span class='ocrx_word' id='word_1_80' title='bbox 477 1399 625 1461; x_wconf 83' lang='lat' dir='ltr'><strong>Aequicula</strong></span> <span class='ocrx_word' id='word_1_81' title='bbox 637 1401 751 1462; x_wconf 84' lang='lat' dir='ltr'><strong>glaebis.</strong></span> 
     </span>
     <span class='ocr_line' id='line_1_15' title="bbox 130 1489 755 1551; baseline 0.003 -13"><span class='ocrx_word' id='word_1_82' title='bbox 130 1489 222 1538; x_wconf 87' lang='lat' dir='ltr'><strong>armati</strong></span> <span class='ocrx_word' id='word_1_83' title='bbox 235 1496 329 1537; x_wconf 89' lang='lat' dir='ltr'><strong>terram</strong></span> <span class='ocrx_word' id='word_1_84' title='bbox 342 1495 462 1536; x_wconf 84' lang='lat' dir='ltr'><strong>exercent</strong></span> <span class='ocrx_word' id='word_1_85' title='bbox 475 1503 627 1551; x_wconf 90' lang='lat' dir='ltr'><strong>semperque</strong></span> <span class='ocrx_word' id='word_1_86' title='bbox 640 1493 755 1540; x_wconf 91' lang='lat' dir='ltr'><strong>recentis</strong></span> 
     </span>
     <span class='ocr_line' id='line_1_16' title="bbox 131 1577 721 1641; baseline -0.003 -12"><span class='ocrx_word' id='word_1_87' title='bbox 131 1586 281 1629; x_wconf 78' lang='lat' dir='ltr'><strong>convectare</strong></span> <span class='ocrx_word' id='word_1_88' title='bbox 294 1578 364 1624; x_wconf 88' lang='lat' dir='ltr'><strong>iuvat</strong></span> <span class='ocrx_word' id='word_1_89' title='bbox 376 1577 486 1640; x_wconf 88' lang='lat' dir='ltr'><strong>praedas</strong></span> <span class='ocrx_word' id='word_1_90' title='bbox 500 1584 525 1625; x_wconf 93' lang='lat' dir='ltr'><strong>ct</strong></span> <span class='ocrx_word' id='word_1_91' title='bbox 537 1577 620 1625; x_wconf 87' lang='lat' dir='ltr'><strong>vivere</strong></span> <span class='ocrx_word' id='word_1_92' title='bbox 633 1587 721 1641; x_wconf 90' lang='lat' dir='ltr'><strong>rapto.</strong></span> 
     </span>
    </p>

    <p class='ocr_par' dir='ltr' id='par_1_9' title="bbox 60 1665 831 2086">
     <span class='ocr_line' id='line_1_17' title="bbox 60 1665 782 1729; baseline -0.003 -10"><span class='ocrx_word' id='word_1_93' title='bbox 60 1675 110 1720; x_wconf 80' lang='lat'><strong>750</strong></span> <span class='ocrx_word' id='word_1_94' title='bbox 166 1667 236 1728; x_wconf 85' lang='lat' dir='ltr'><strong>Quin</strong></span> <span class='ocrx_word' id='word_1_95' title='bbox 249 1674 274 1716; x_wconf 90' lang='lat' dir='ltr'><strong>et</strong></span> <span class='ocrx_word' id='word_1_96' title='bbox 286 1665 417 1714; x_wconf 88' lang='lat' dir='ltr'><strong>Marruvia</strong></span> <span class='ocrx_word' id='word_1_97' title='bbox 429 1665 499 1714; x_wconf 88' lang='lat' dir='ltr'><strong>venit</strong></span> <span class='ocrx_word' id='word_1_98' title='bbox 511 1666 543 1714; x_wconf 90' lang='lat' dir='ltr'><strong>de</strong></span> <span class='ocrx_word' id='word_1_99' title='bbox 555 1673 633 1727; x_wconf 85' lang='lat' dir='ltr'><strong>gente</strong></span> <span class='ocrx_word' id='word_1_100' title='bbox 646 1669 782 1729; x_wconf 87' lang='lat' dir='ltr'><strong>sacerdos,</strong></span> 
     </span>
     <span class='ocr_line' id='line_1_18' title="bbox 130 1754 772 1818; baseline 0 -13"><span class='ocrx_word' id='word_1_101' title='bbox 130 1757 220 1806; x_wconf 80' lang='lat' dir='ltr'><strong>fronde</strong></span> <span class='ocrx_word' id='word_1_102' title='bbox 233 1770 310 1818; x_wconf 88' lang='lat' dir='ltr'><strong>super</strong></span> <span class='ocrx_word' id='word_1_103' title='bbox 322 1755 424 1816; x_wconf 85' lang='lat' dir='ltr'><strong>galeam</strong></span> <span class='ocrx_word' id='word_1_104' title='bbox 438 1762 462 1802; x_wconf 89' lang='lat' dir='ltr'><strong>ct</strong></span> <span class='ocrx_word' id='word_1_105' title='bbox 474 1754 543 1802; x_wconf 88' lang='lat' dir='ltr'><strong>felici</strong></span> <span class='ocrx_word' id='word_1_106' title='bbox 557 1762 676 1817; x_wconf 90' lang='lat' dir='ltr'><strong>comptus</strong></span> <span class='ocrx_word' id='word_1_107' title='bbox 690 1757 772 1816; x_wconf 88' lang='lat' dir='ltr'><strong>oliva,</strong></span> 
     </span>
     <span class='ocr_line' id='line_1_19' title="bbox 130 1843 733 1909; baseline -0.005 -14"><span class='ocrx_word' id='word_1_108' title='bbox 130 1845 257 1909; x_wconf 82' lang='lat' dir='ltr'><strong>Archippi</strong></span> <span class='ocrx_word' id='word_1_109' title='bbox 270 1846 337 1905; x_wconf 87' lang='lat' dir='ltr'><strong>regis</strong></span> <span class='ocrx_word' id='word_1_110' title='bbox 350 1844 439 1902; x_wconf 82' lang='lat' dir='ltr'><strong>missu,</strong></span> <span class='ocrx_word' id='word_1_111' title='bbox 455 1843 608 1891; x_wconf 80' lang='lat' dir='ltr'><strong>fortissimus</strong></span> <span class='ocrx_word' id='word_1_112' title='bbox 622 1843 733 1904; x_wconf 89' lang='lat' dir='ltr'><strong>Umbro,</strong></span> 
     </span>
     <span class='ocr_line' id='line_1_20' title="bbox 130 1931 774 1998; baseline 0.005 -18"><span class='ocrx_word' id='word_1_113' title='bbox 130 1935 233 1998; x_wconf 86' lang='lat' dir='ltr'><strong>vipereo</strong></span> <span class='ocrx_word' id='word_1_114' title='bbox 246 1933 334 1995; x_wconf 86' lang='lat' dir='ltr'><strong>generi</strong></span> <span class='ocrx_word' id='word_1_115' title='bbox 348 1940 374 1981; x_wconf 91' lang='lat' dir='ltr'><strong>et</strong></span> <span class='ocrx_word' id='word_1_116' title='bbox 385 1932 497 1994; x_wconf 85' lang='lat' dir='ltr'><strong>graviter</strong></span> <span class='ocrx_word' id='word_1_117' title='bbox 510 1931 667 1993; x_wconf 83' lang='lat' dir='ltr'><strong>spirantibus</strong></span> <span class='ocrx_word' id='word_1_118' title='bbox 681 1933 774 1996; x_wconf 87' lang='lat' dir='ltr'><strong>hydris</strong></span> 
     </span>
     <span class='ocr_line' id='line_1_21' title="bbox 130 2022 831 2086; baseline -0.001 -15"><span class='ocrx_word' id='word_1_119' title='bbox 130 2037 251 2086; x_wconf 86' lang='lat' dir='ltr'><strong>spargere</strong></span> <span class='ocrx_word' id='word_1_120' title='bbox 264 2022 308 2084; x_wconf 90' lang='lat' dir='ltr'><strong>qui</strong></span> <span class='ocrx_word' id='word_1_121' title='bbox 321 2035 426 2068; x_wconf 88' lang='lat' dir='ltr'><strong>somnos</strong></span> <span class='ocrx_word' id='word_1_122' title='bbox 439 2027 568 2082; x_wconf 90' lang='lat' dir='ltr'><strong>cantuque</strong></span> <span class='ocrx_word' id='word_1_123' title='bbox 581 2035 715 2084; x_wconf 87' lang='lat' dir='ltr'><strong>manuque</strong></span> <span class='ocrx_word' id='word_1_124' title='bbox 728 2024 831 2073; x_wconf 82' lang='lat' dir='ltr'><strong>solebat</strong></span> 
     </span>
    </p>

    <p class='ocr_par' dir='ltr' id='par_1_10' title="bbox 61 2109 818 2527">
     <span class='ocr_line' id='line_1_22' title="bbox 61 2109 719 2173; baseline -0.005 -11"><span class='ocrx_word' id='word_1_125' title='bbox 61 2118 110 2162; x_wconf 79' lang='lat'><strong>755</strong></span> <span class='ocrx_word' id='word_1_126' title='bbox 130 2112 312 2173; x_wconf 87' lang='lat' dir='ltr'><strong>mulcebatque</strong></span> <span class='ocrx_word' id='word_1_127' title='bbox 324 2110 375 2157; x_wconf 86' lang='lat' dir='ltr'><strong>iras</strong></span> <span class='ocrx_word' id='word_1_128' title='bbox 388 2116 413 2157; x_wconf 90' lang='lat' dir='ltr'><strong>et</strong></span> <span class='ocrx_word' id='word_1_129' title='bbox 425 2123 525 2156; x_wconf 87' lang='lat' dir='ltr'><strong>morsus</strong></span> <span class='ocrx_word' id='word_1_130' title='bbox 538 2118 593 2158; x_wconf 92' lang='lat' dir='ltr'><strong>arte</strong></span> <span class='ocrx_word' id='word_1_131' title='bbox 606 2109 719 2159; x_wconf 87' lang='lat' dir='ltr'><strong>levabat.</strong></span> 
     </span>
     <span class='ocr_line' id='line_1_23' title="bbox 130 2197 767 2260; baseline 0 -12"><span class='ocrx_word' id='word_1_132' title='bbox 130 2201 175 2248; x_wconf 75' lang='lat' dir='ltr'><strong>secl</strong></span> <span class='ocrx_word' id='word_1_133' title='bbox 188 2214 241 2247; x_wconf 92' lang='lat' dir='ltr'><strong>non</strong></span> <span class='ocrx_word' id='word_1_134' title='bbox 254 2198 403 2247; x_wconf 86' lang='lat' dir='ltr'><strong>Dardaniae</strong></span> <span class='ocrx_word' id='word_1_135' title='bbox 416 2197 540 2245; x_wconf 86' lang='lat' dir='ltr'><strong>medicari</strong></span> <span class='ocrx_word' id='word_1_136' title='bbox 554 2197 667 2260; x_wconf 86' lang='lat' dir='ltr'><strong>cuspidis</strong></span> <span class='ocrx_word' id='word_1_137' title='bbox 681 2198 767 2248; x_wconf 88' lang='lat' dir='ltr'><strong>ictum</strong></span> 
     </span>
     <span class='ocr_line' id='line_1_24' title="bbox 131 2287 759 2351; baseline -0.002 -13"><span class='ocrx_word' id='word_1_138' title='bbox 131 2289 227 2338; x_wconf 90' lang='lat' dir='ltr'><strong>evaluit</strong></span> <span class='ocrx_word' id='word_1_139' title='bbox 238 2303 323 2351; x_wconf 90' lang='lat' dir='ltr'><strong>neque</strong></span> <span class='ocrx_word' id='word_1_140' title='bbox 336 2302 395 2336; x_wconf 91' lang='lat' dir='ltr'><strong>eum</strong></span> <span class='ocrx_word' id='word_1_141' title='bbox 407 2287 492 2335; x_wconf 87' lang='lat' dir='ltr'><strong>iuvere</strong></span> <span class='ocrx_word' id='word_1_142' title='bbox 506 2287 532 2333; x_wconf 93' lang='lat' dir='ltr'><strong>in</strong></span> <span class='ocrx_word' id='word_1_143' title='bbox 545 2287 649 2335; x_wconf 83' lang='lat' dir='ltr'><strong>volnere</strong></span> <span class='ocrx_word' id='word_1_144' title='bbox 663 2296 759 2337; x_wconf 90' lang='lat' dir='ltr'><strong>cantus</strong></span> 
     </span>
     <span class='ocr_line' id='line_1_25' title="bbox 130 2374 818 2437; baseline 0 -10"><span class='ocrx_word' id='word_1_145' title='bbox 130 2378 261 2427; x_wconf 80' lang='lat' dir='ltr'><strong>somniferi</strong></span> <span class='ocrx_word' id='word_1_146' title='bbox 276 2385 301 2426; x_wconf 91' lang='lat' dir='ltr'><strong>et</strong></span> <span class='ocrx_word' id='word_1_147' title='bbox 312 2376 405 2425; x_wconf 86' lang='lat' dir='ltr'><strong>Marsis</strong></span> <span class='ocrx_word' id='word_1_148' title='bbox 419 2375 550 2437; x_wconf 89' lang='lat' dir='ltr'><strong>quaesitae</strong></span> <span class='ocrx_word' id='word_1_149' title='bbox 563 2374 694 2422; x_wconf 88' lang='lat' dir='ltr'><strong>montibus</strong></span> <span class='ocrx_word' id='word_1_150' title='bbox 708 2377 818 2429; x_wconf 84' lang='lat' dir='ltr'><strong>herbae.</strong></span> 
     </span>
     <span class='ocr_line' id='line_1_26' title="bbox 130 2464 758 2527; baseline -0.005 -10"><span class='ocrx_word' id='word_1_151' title='bbox 130 2477 155 2517; x_wconf 91' lang='lat' dir='ltr'><strong>te</strong></span> <span class='ocrx_word' id='word_1_152' title='bbox 169 2483 259 2517; x_wconf 88' lang='lat' dir='ltr'><strong>nemus</strong></span> <span class='ocrx_word' id='word_1_153' title='bbox 272 2466 404 2527; x_wconf 84' lang='lat' dir='ltr'><strong>Angitiae,</strong></span> <span class='ocrx_word' id='word_1_154' title='bbox 419 2464 499 2512; x_wconf 87' lang='lat' dir='ltr'><strong>vitrea</strong></span> <span class='ocrx_word' id='word_1_155' title='bbox 511 2472 536 2512; x_wconf 90' lang='lat' dir='ltr'><strong>te</strong></span> <span class='ocrx_word' id='word_1_156' title='bbox 549 2464 661 2512; x_wconf 83' lang='lat' dir='ltr'><strong>Fucinus</strong></span> <span class='ocrx_word' id='word_1_157' title='bbox 674 2466 758 2526; x_wconf 90' lang='lat' dir='ltr'><strong>unda,</strong></span> 
     </span>
    </p>

    <p class='ocr_par' dir='ltr' id='par_1_11' title="bbox 61 2554 458 2619">
     <span class='ocr_line' id='line_1_27' title="bbox 61 2554 458 2619; baseline -0.025 -11"><span class='ocrx_word' id='word_1_158' title='bbox 61 2562 111 2608; x_wconf 81' lang='lat'><strong>760</strong></span> <span class='ocrx_word' id='word_1_159' title='bbox 131 2565 156 2606; x_wconf 90' lang='lat' dir='ltr'><strong>te</strong></span> <span class='ocrx_word' id='word_1_160' title='bbox 169 2556 260 2619; x_wconf 90' lang='lat' dir='ltr'><strong>liquidi</strong></span> <span class='ocrx_word' id='word_1_161' title='bbox 273 2555 364 2604; x_wconf 85' lang='lat' dir='ltr'><strong>flevere</strong></span> <span class='ocrx_word' id='word_1_162' title='bbox 378 2554 458 2602; x_wconf 90' lang='lat' dir='ltr'><strong>lacus.</strong></span> 
     </span>
    </p>

    <p class='ocr_par' dir='ltr' id='par_1_12' title="bbox 157 2639 807 2713">
     <span class='ocr_line' id='line_1_28' title="bbox 157 2639 807 2713; baseline -0.008 -21"><span class='ocrx_word' id='word_1_163' title='bbox 157 2646 220 2698; x_wconf 77' lang='lat' dir='ltr'><strong>Ibat</strong></span> <span class='ocrx_word' id='word_1_164' title='bbox 233 2656 259 2699; x_wconf 80' lang='lat' dir='ltr'><strong>et</strong></span> <span class='ocrx_word' id='word_1_165' title='bbox 270 2643 414 2713; x_wconf 84' lang='lat' dir='ltr'><strong>Hippolyti</strong></span> <span class='ocrx_word' id='word_1_166' title='bbox 426 2643 515 2708; x_wconf 85' lang='lat' dir='ltr'><strong>proles</strong></span> <span class='ocrx_word' id='word_1_167' title='bbox 526 2639 807 2704; x_wconf 66' lang='lat' dir='ltr'><strong>puleberrimalsexte,</strong></span> 
     </span>
    </p>
   </div>
   <div class='ocr_carea' id='block_1_3' title="bbox 0 0 913 2956">
    <p class='ocr_par' dir='ltr' id='par_1_13' title="bbox 0 0 913 2956">
     <span class='ocr_line' id='line_1_29' title="bbox 0 0 913 2956; baseline 0 0"><span class='ocrx_word' id='word_1_168' title='bbox 0 0 913 2956; x_wconf 95' lang='lat' dir='ltr'><strong> </strong></span> 
     </span>
    </p>
   </div>
  </div>
 </body>
</html>
