1808 2956
72 171 109 218 30
309 177 334 218 Ρ.
352 179 473 218 VERGILI
494 178 624 218 Mnuouls

139 350 228 385 saevos
241 337 324 384 Amor
337 337 424 384 docuit
437 344 557 384 natorum
569 336 695 396 sanguine
708 343 818 385 matrem

141 424 330 473 commaculare
344 439 450 472 uranus:
473 440 548 486 puer,
569 440 584 471 a
596 440 660 487 puer
672 425 798 487 inprobus
812 426 861 483 ille,

139 514 262 576 inprobus
276 514 320 562 ille
333 528 404 576 puer,
421 514 531 561 erudelis
545 521 571 560 tu
585 528 697 575 quoque,
714 522 805 563 mater.

87 608 120 651 50
174 603 259 665 incipe
272 602 415 650 Maenalios
428 617 538 659 mecum,
555 617 613 650 mea
625 602 697 661 tibia,
714 618 810 651 versus.

139 706 207 740 nunc
221 699 246 740 et
258 692 311 738 ovis
326 692 391 738 ultro
406 691 488 752 fugiat
501 691 585 752 lupus,
601 705 680 738 aurea
693 692 773 740 durae

139 769 305 829 mara'feranr
317 795 434 844 quercus,
450 779 565 826 narcisso
578 779 668 827 floreat
680 781 764 838 alnus,

139 869 246 932 pinguia
258 867 395 918 corticibus
409 867 501 914 sudent
514 868 609 915 electra
621 868 741 929 myricae,

140 965 237 1005 certent
251 965 275 1005 et
288 956 373 1018 cycnis
387 955 482 1012 ululae,
498 956 531 1002 sit
543 956 647 1018 Tityrus
661 955 789 1018 Orpheus,

89 1050 120 1092 55
141 1044 260 1106 Orpheus
274 1045 300 1091 in
313 1043 391 1099 silvis,
407 1043 473 1089 inter
487 1043 622 1105 delphinas
636 1045 727 1092 Arion.

176 1133 261 1195 incipe
274 1131 417 1180 Maenalios
431 1146 540 1190 mecum,
556 1148 614 1180 mea
627 1134 698 1191 tibio,
714 1149 810 1182 versus.

141 1222 228 1268 omnia
240 1222 278 1269 vel
292 1221 405 1269 medium
418 1220 481 1267 fiant
494 1236 572 1268 maro.
600 1222 683 1280 virito,
700 1223 793 1270 silvae:

141 1413 264 1460 praeceps
277 1398 339 1446 aerii
354 1398 459 1460 specula
472 1399 504 1446 de
517 1398 611 1446 montis
625 1398 651 1444 in
664 1400 748 1446 undas

88 1491 121 1533 60
141 1486 255 1546 deferar;
274 1495 416 1534 extremum
429 1486 479 1534 hoc
492 1502 584 1533 munus
598 1487 731 1534 morientis
744 1487 847 1535 habeto.

141 1575 228 1623 desine
241 1575 393 1633 Maenalios,
409 1575 461 1622 iam
475 1575 571 1633 desine,
586 1574 658 1631 tibia,
674 1567 781 1623 versus'

176 1664 247 1712 Haec
265 1665 383 1712 Damon:
405 1679 465 1722 vos,
488 1678 554 1725 quae
574 1664 735 1725 responderit
748 1664 866 1725 Alphesi-

442 1753 530 1808 boens,

142 1841 227 1898 dicite,
242 1842 357 1890 Pierides
369 1858 375 1899 ;
396 1854 447 1886 non
461 1839 549 1885 omnia
561 1853 697 1899 possumus
711 1854 810 1887 omncs.

173 1919 253 1978 ‘Effer
266 1944 360 1993 aquam
373 1934 398 1976 et
410 1926 482 1973 molli
496 1917 571 1986 cinge
584 1925 647 1971 haec
661 1924 753 1970 altaria
765 1928 837 1987 vitta,

88 2022 121 2065 65
141 2018 315 2079 verbenasque
328 2015 405 2063 adole
418 2012 521 2075 pinguis
535 2018 560 2059 et
572 2009 688 2056 mascula
698 2016 764 2068 tura,

141 2105 259 2166 coniugis
272 2111 301 2152 ut
312 2101 420 2163 magicis
433 2113 510 2146 sanos
524 2104 637 2146 avertere
649 2099 728 2147 sacris

141 2193 258 2255 experiar
270 2205 376 2248 sensus3
390 2187 454 2235 nihil
468 2187 510 2234 hie
524 2187 572 2234 nisi
587 2187 702 2236 earmina
715 2190 816 2239 desunt.

175 2280 262 2328 ducite
279 2278 311 2326 ub
332 2277 394 2326 urbe
414 2277 533 2335 domum,
555 2292 612 2325 mea
632 2279 760 2339 carmina,
784 2282 867 2330 ducite

441 2366 583 2429 Daphnim.

140 2455 256 2507 carmina
267 2457 308 2504 rel
321 2457 393 2504 caelo
407 2464 515 2518 possunt
528 2457 654 2504 deducere
667 2457 765 2515 lunam,

89 2552 121 2596 70
141 2545 297 2594 carminibus
312 2544 387 2594 Circe
400 2546 484 2594 socios
498 2546 605 2593 mutavit
617 2546 696 2602 Ulixi,

141 2635 248 2698 frigidus
261 2635 288 2684 iu
301 2635 381 2700 pratis
394 2635 523 2684 cantando
536 2634 662 2697 rumpitur
676 2635 776 2694 unguis.
