1808 2956
240 186 388 225 aanamos
406 187 493 225 arana
511 189 560 226 ru.
738 180 796 226 339

72 342 166 405 stipitis
180 342 222 391 hic
233 343 333 404 gravidi
347 343 436 402 nodis;
457 344 527 405 quod
541 343 633 406 cuique
646 352 775 407 repertum

72 431 187 490 rimanti,
203 432 283 479 telum
295 432 333 478 ira
347 431 416 479 facit.
444 438 520 479 vocat
532 432 637 493 agmina
649 432 773 494 Tyrrhus,

73 519 246 581 quadrifidam
258 535 380 582 quercum
394 519 482 568 cuncis
495 527 524 566 ut
536 520 602 568 forte
615 521 710 569 coactis

28 613 52 656 ,0
72 607 215 666 scindebat,
231 615 305 671 rapta
317 609 417 670 spirans
430 608 535 656 inmane
548 608 640 656 securi.

73 702 101 743 at
112 710 188 744 saeva
201 710 214 744 e
227 697 338 758 speculis
351 703 451 758 tempus
465 697 513 745 dea
526 705 602 745 nacta
614 697 725 745 nocendi

74 784 156 833 ardua
169 791 237 832 tecta
248 785 312 846 petit
324 784 419 835 stabuli
432 792 457 833 ct
470 786 502 833 de
515 785 628 833 culmine
641 799 740 832 summo

73 873 202 935 pastorale
216 873 285 921 canit
297 873 399 935 signum
413 888 545 935 cornuque
558 888 663 921 recurvo

73 961 224 1009 Tartaream
237 961 353 1009 incendit
365 976 462 1019 vocem,
479 977 531 1023 qua
543 962 660 1023 protinus
674 976 750 1010 omne

28 1055 52 1097 l5
74 1049 229 1098 contremuit
241 1063 331 1097 nemus
349 1057 374 1097 et
386 1050 466 1098 silvae
482 1050 620 1098 insonuere
639 1049 799 1112 profundae3

74 1138 156 1185 audiit
169 1145 194 1186 et
205 1138 308 1186 Triviae
321 1139 400 1199 longe
412 1140 493 1197 lacus,
509 1139 591 1186 audiit
604 1137 686 1185 amnis

74 1225 188 1275 sulfurea
200 1225 253 1275 Nar
266 1227 340 1274 albus
354 1242 423 1289 aqua
435 1227 570 1289 fontesque
582 1226 679 1285 Velini,

74 1322 100 1363 et
112 1314 227 1377 trepidae
240 1323 334 1364 matres
348 1329 463 1377 pressere
477 1315 508 1362 ad
521 1322 627 1376 pectora
639 1322 721 1363 natos.

74 1411 129 1450 tum
141 1417 201 1450 vero
214 1404 246 1451 ad
260 1417 348 1451 vocem
362 1404 466 1460 celeres,
482 1418 534 1464 qua
546 1403 641 1451 bucina
654 1403 756 1464 signum

28 1497 54 1539 20
75 1491 132 1539 dira
144 1491 223 1550 dedit,
238 1491 318 1553 raptis
332 1499 490 1539 concurrunt
502 1492 616 1554 undiquc
629 1492 687 1539 telis

74 1580 193 1628 indomiti
207 1580 346 1640 agricolae,
362 1594 409 1628 nec
423 1594 476 1627 non
489 1587 514 1627 et
526 1580 606 1627 Troia
619 1579 699 1641 pubes

73 1669 189 1717 Ascanio
203 1669 329 1716 auxilium
342 1668 431 1716 castris
445 1667 554 1715 effundit
566 1667 669 1730 apertis.

74 1757 191 1806 direxere
204 1756 281 1805 acies.
309 1771 361 1803 non
375 1757 428 1803 iam
441 1757 580 1804 certamine
594 1756 697 1816 agresti,

74 1845 203 1908 stipitibus
217 1845 287 1892 duris
300 1846 386 1906 agitur
399 1844 537 1893 sudibusve
549 1844 685 1908 praeustis,

28 1939 54 1982 25
75 1934 119 1982 sed
133 1934 200 1983 ferro
214 1934 320 1996 ancipiti
335 1935 476 1982 decernunt
488 1940 595 1995 atraque
608 1934 659 1981 late

74 2023 200 2071 horrescit
212 2023 306 2071 strictis
320 2037 393 2083 seges
406 2021 510 2069 ensibus
523 2036 635 2084 aeraque
648 2021 749 2082 fulgent

74 2112 129 2160 sole
142 2111 262 2159 lacessita
275 2118 300 2159 et
318 2112 401 2158 lucem
414 2109 461 2157 sub
475 2109 565 2158 nubila
577 2111 675 2158 iactant
687 2126 693 2168 ;

73 2199 165 2248 fluctus
178 2199 216 2247 uti
229 2200 312 2262 primo
326 2198 411 2260 coepit
423 2213 483 2246 cum
495 2198 624 2246 albescere
637 2205 722 2256 vento,

76 2289 213 2350 paullatim
225 2302 281 2336 sese
294 2287 363 2335 tollit
375 2301 446 2335 mare
460 2292 485 2334 et
498 2287 574 2334 altius
587 2286 671 2333 undas

28 2381 55 2424 lo
75 2376 159 2437 erigit,
173 2376 235 2425 inde
247 2376 300 2423 imo
314 2375 447 2436 consurgit
459 2374 491 2422 ad
504 2374 608 2422 aethera
621 2373 711 2421 fundo.

74 2463 117 2512 hic
129 2464 228 2512 iuvenis
242 2465 352 2527 primam
365 2470 424 2511 ante
437 2463 519 2510 aciem
532 2463 655 2510 stridente
668 2462 771 2522 sagitta,

75 2560 195 2600 natorum
208 2553 300 2615 Tyrrhi
313 2551 397 2599 suerat
409 2551 454 2614 qui
466 2550 607 2609 maximus,
622 2551 715 2605 Almo,

71 2640 209 2700 sternitur,
230 2642 316 2691 haesit
336 2642 410 2692 enim
423 2641 473 2692 sub
488 2647 600 2704 gutture
609 2637 714 2737 uolnus
725 2626 844 2676 ambs-s·

613 2718 662 2767 ‘2³-
