1808 2956
309 193 455 237 Aruernos
479 194 566 233 menn
583 195 623 234 vr.
803 186 862 233 293

136 365 199 400 voce
216 364 311 398 vocans
329 349 459 408 Hecaten,
481 350 605 411 caeloque
622 350 758 415 Ereboque
776 359 867 414 poten-

396 466 399 472 ·
438 444 497 485 tem.

137 533 286 590 supponunt
299 525 344 574 alii
357 526 454 573 cultros
468 527 635 588 tepidumque
648 543 765 576 cruorem

136 615 283 678 succipiunt
294 614 398 676 pateris.
425 614 481 676 ipse
495 615 542 661 atri
556 615 657 663 velleris
672 630 765 677 agnam

62 711 116 754 250
136 706 238 753 Aeneas
251 703 327 751 matri
339 702 511 767 Eumenidum
526 717 689 766 magnaeque
701 705 783 752 sorori

136 807 196 841 ense
209 792 268 841 ferit
279 791 443 854 sterilemque
456 790 511 850 tibi,
527 791 692 854 Proserpina,
708 807 821 840 vaccam.

136 889 190 928 turn
204 879 294 942 Stygio
308 880 361 941 regi
376 886 516 928 nocturnas
530 879 706 927 incohaturus

137 976 162 1017 et
175 969 260 1017 solida
272 968 374 1030 inponit
387 975 521 1016 taurorum
533 968 631 1016 viscera
643 968 763 1026 flammis,

136 1057 232 1120 pingue
246 1071 323 1118 super
335 1057 421 1103 oleum
434 1056 573 1104 infundens
586 1057 735 1104 ardentibus
749 1057 822 1105 extis.

63 1151 116 1193 255
136 1159 195 1193 ecce
209 1151 304 1202 autem,
319 1145 395 1207 primi
409 1144 456 1192 sub
470 1145 570 1192 lumina
582 1145 644 1192 solis
658 1151 683 1193 et
696 1152 766 1192 ortus

137 1232 183 1280 sub
197 1232 305 1294 pedibus
319 1232 419 1293 mugire
432 1233 517 1280 solum
530 1239 555 1280 et
567 1233 629 1294 iuga
642 1240 734 1295 coepta
745 1233 842 1281 moveri

136 1321 258 1368 silvarum
271 1321 391 1383 visaeque
405 1335 481 1369 canes
494 1322 595 1370 ululare
609 1335 653 1383 per
666 1321 792 1380 umbram,

137 1409 291 1458 adventante
304 1409 362 1458 dea.
386 1399 488 1471 ‘procul
503 1425 517 1456 o
531 1411 622 1472 procul
636 1416 698 1468 este,
713 1401 825 1472 profani’

137 1499 283 1546 conclamat
295 1505 374 1556 vates,
387 1487 505 1560 ‘totoque
518 1498 632 1546 absistite
646 1499 705 1546 luco
716 1513 722 1556 3

62 1592 117 1635 260
136 1594 215 1649 tuque
228 1587 320 1635 invade
333 1587 401 1633 viam
413 1586 558 1648 vaginaque
572 1586 642 1648 eripe
655 1585 764 1633 sermm:

136 1690 205 1724 nunc
218 1675 310 1722 animis
324 1689 397 1737 opus,
412 1675 511 1733 Aenea,
527 1689 596 1722 nunc
609 1681 712 1736 pectore
725 1665 819 1720 firmo'

136 1770 237 1811 tanturn
250 1763 328 1811 effata
340 1762 427 1810 furens
442 1770 516 1810 antro
530 1776 556 1810 se
569 1761 667 1809 inmisit
681 1768 770 1823 aperto
782 1777 788 1820 ;

136 1852 181 1900 ille
193 1853 284 1900 ducem
296 1851 365 1899 haud
379 1851 474 1898 timidis
485 1851 620 1899 vadentem
633 1849 752 1912 passibus
759 1858 863 1912 aequat.

170 1939 205 1986 Di
219 1939 312 2003 quibus
325 1940 462 2001 imperium
475 1945 513 1986 est
526 1939 686 1998 animarum,
708 1938 867 2000 umbraeque

437 2027 542 2075 silentes

62 2120 115 2164 265
135 2122 161 2163 et
174 2113 260 2162 Chaos
274 2123 299 2163 et
311 2115 482 2177 Phlegethon,
499 2115 558 2162 loca
570 2122 646 2162 nocte
659 2114 771 2162 tacentia
785 2115 845 2172 lete,

135 2203 168 2250 sit
180 2203 243 2250 mihi
257 2203 295 2251 fas
309 2204 398 2250 audita
411 2203 492 2264 loqui,
508 2203 541 2250 sit
553 2203 659 2251 numine
672 2209 754 2251 vestro

136 2292 249 2354 pandere
262 2306 302 2339 res
316 2291 369 2338 alta
382 2298 450 2340 terra
462 2297 488 2338 et
500 2291 612 2353 caligine
625 2305 731 2339 mersas.

170 2380 247 2428 Ibant
260 2379 361 2428 obscuri
376 2380 433 2427 sola
445 2378 492 2427 sub
506 2386 582 2428 nocte
594 2394 641 2442 per
654 2378 771 2426 umbram

135 2483 232 2530 perque
246 2468 337 2515 domos
349 2467 418 2514 Ditis
432 2482 526 2514 vacuas
540 2475 565 2516 et
577 2468 666 2516 inania
678 2481 767 2528 regna,

62 2562 116 2606 270
136 2557 213 2618 quale
226 2571 272 2619 per
284 2556 409 2604 incertam
423 2557 514 2604 lunam
526 2555 573 2604 sub
586 2555 649 2604 iuee
657 2555 784 2614 maixgna

128 2649 167 2688 est
175 2642 228 2689 iter
236 2642 265 2689 in
278 2645 361 2706 silvis,
378 2647 424 2696 ubi
441 2649 551 2698 caelum
565 2645 697 2698 conbibit
705 2640 817 2690 umbra
