1808 2956
246 183 394 223 Annmnos
417 184 503 223 urana
520 185 560 223 vn
739 177 799 224 285

73 355 143 388 nunc
156 355 234 401 grege
247 341 279 388 de
292 341 388 388 intacto
402 348 499 403 septem
513 347 626 390 mactare
638 341 760 390 iuvencos

74 429 238 491 praestiterit,
255 429 362 477 totidem
375 429 453 477 lectas
468 431 498 476 de
512 444 583 477 more
596 423 727 478 bidentis'

28 523 53 564 lo
74 517 169 565 talibus
183 517 270 565 adfata
283 519 390 565 Aenean
405 517 464 580 (uec
477 533 550 566 sacra
563 526 696 567 morantur

73 606 144 653 iussa
156 606 215 668 viri)
229 606 343 654 Teucros
357 614 431 655 vocat
444 607 496 654 alta
513 607 539 653 in
557 608 654 670 templa
671 609 800 658 sacerdos.

109 694 233 742 Excisum
239 694 370 743 Euboicae
382 695 449 742 latus
461 695 552 756 ingens
565 696 635 758 rupis
648 696 676 742 in
690 704 801 757 antrum,

74 798 126 845 quo
141 783 186 831 lati
202 784 300 831 ducunt
313 785 397 831 aditus
411 790 522 842 centurn,
539 785 729 845 ostimentum,

74 872 143 919 unde
156 879 234 919 ruout
246 873 352 920 totidem
367 887 450 929 voces,
466 887 590 935 responsa
603 872 727 934 Sibyllae.

28 966 53 1008 15
74 969 179 1007 ventum
192 967 247 1007 erat
259 961 291 1007 ad
305 961 393 1019 limen,
410 976 468 1008 cum
481 962 552 1024 virgo
563 953 680 1024 ‘poscere
694 962 746 1010 fata

75 1041 183 1111 tempus'
197 1050 246 1097 ait:
265 1039 348 1106 ‘deus,
364 1064 431 1108 ecce,
448 1050 509 1098 deus
519 1042 535 1096 Γ
560 1051 600 1098 cui
615 1051 678 1098 talia
690 1051 755 1099 fanti

76 1147 136 1186 ante
149 1138 216 1186 fores
229 1138 314 1185 subito
329 1153 380 1185 non
393 1139 485 1196 voltus,
502 1153 554 1186 non
569 1140 641 1186 color
653 1154 729 1198 unus,

76 1241 129 1273 non
143 1233 260 1289 comptae
274 1241 390 1274 mansere
404 1241 502 1285 comae,
518 1229 562 1276 sed
574 1228 801 1290 pectusanhelum‚

76 1322 101 1363 et
114 1315 184 1364 rabie
198 1317 252 1363 fera
265 1316 344 1363 corda
356 1322 463 1373 tument,
479 1317 613 1379 maiorque
626 1317 714 1376 videri,

28 1409 56 1451 30
77 1419 124 1452 uec
136 1404 246 1452 mortale
259 1419 363 1461 sonans,
379 1404 473 1451 adflata
486 1413 524 1451 est
537 1405 642 1453 numine
656 1405 760 1467 quando

77 1492 128 1540 iam
141 1493 261 1555 propiore
276 1493 325 1540 dei.
350 1481 445 1540 tcessas
459 1493 485 1539 in
499 1499 558 1540 vota
570 1508 719 1555 precesque,

76 1574 146 1628 Tros'
157 1569 326 1630 ‘ait‘Aeneal
349 1581 449 1629 cessas?
469 1596 552 1643 neque
566 1581 634 1629 enim
648 1588 707 1630 ante
721 1581 804 1629 dehis·

378 1677 436 1717 cent

76 1757 200 1806 attonitae
213 1773 308 1818 magna
321 1773 367 1805 ora
381 1750 491 1805 domus'
516 1765 541 1805 et
553 1759 616 1806 talia
628 1758 681 1806 fata
703 1817 705 1823 Α

76 1847 208 1893 conticuit.
235 1847 337 1907 gelidus
350 1846 457 1894 Teucris
471 1861 516 1909 per
529 1847 593 1894 dura
606 1847 718 1894 cucurrit

28 1939 54 1982 55
76 1947 136 1981 ossa
149 1941 252 1992 tremor,
271 1935 406 1996 funditque
419 1950 506 1997 preces
520 1950 565 1983 rex
578 1943 680 1997 pectore
694 1935 725 1984 ab
738 1936 800 1984 imo.

75 2022 198 2080 ‘Phoebe
213 2023 298 2084 gravis
311 2022 405 2071 Troiae
418 2038 519 2086 semper
531 2024 649 2071 miserate
663 2023 773 2083 labores,

74 2111 201 2158 Dardana
214 2111 258 2173 qui
271 2111 371 2158 Paridis
386 2112 477 2160 direxti
491 2112 543 2160 tela
556 2127 699 2174 manusque

77 2214 169 2261 eorpus
183 2200 209 2246 in
223 2200 363 2257 Aeacidae,
379 2215 486 2261 magnas
501 2200 623 2249 obeuntia
635 2207 715 2249 terras

77 2294 116 2335 tot
127 2289 210 2335 maria
222 2288 314 2335 intravi
329 2289 393 2336 duce
407 2296 431 2336 te
444 2289 597 2350 penitusque
610 2295 725 2351 repostas

28 2381 57 2423 50
78 2376 220 2437 Massylum
232 2384 321 2437 gentes
335 2383 518 2439 praetentaque
532 2376 648 2438 Syrtibus
662 2393 738 2436 arra3

78 2464 130 2511 iam
144 2466 248 2512 tandem
261 2466 352 2514 Italiae
366 2465 486 2526 fugientis
500 2466 648 2527 prendimus
662 2480 728 2513 oras.

77 2552 128 2599 hae
141 2552 256 2601 Troiana
269 2560 343 2601 tenus
356 2553 433 2602 fuerit
445 2553 564 2601 Fortuna
574 2560 678 2601 secuta.

74 2653 118 2686 ros
131 2655 235 2704 quoque
247 2643 416 2709 Pergameae
428 2644 486 2695 iam
498 2645 543 2693 las
556 2649 601 2692 est
610 2650 728 2704 parcere
739 2627 836 2688 geum„
