1808 2956
360 137 479 178 ECLOGA
496 138 516 178 1.

110 293 160 356 ipsi
174 299 198 342 te
211 294 304 353 fontes,
319 294 376 358 ipsa
387 295 452 343 haec
465 298 570 346 arbusta
582 294 718 342 vocabant.

55 388 90 430 40
110 399 134 430 r.
157 381 226 442 Quid
240 383 371 432 facerem?
391 399 475 448 neque
488 386 590 436 servitio
604 397 645 432 me
658 383 728 431 exire
742 383 838 430 licebat

109 485 158 519 nec
171 478 224 518 tam
236 473 378 534 praesentis
392 474 453 522 aiibi
467 487 624 537 cognoscere
638 471 718 519 divos.

111 559 153 607 hic
166 559 240 607 ilium
252 560 303 607 aidi
317 561 443 621 iuvenem,
458 564 595 621 Meliboee,
611 559 762 623 quotannis

110 647 149 694 bis
162 662 237 696 senos
251 649 292 696 cui
305 658 394 698 nostra
406 652 459 700 <lies
474 651 566 699 altaria
579 650 686 696 fumant.

110 735 153 783 hic
166 736 229 782 mihi
242 751 394 798 responsam
407 739 509 802 primus-
519 739 590 787 dedit
602 739 646 786 illc
659 735 769 799 petenti‚.

56 829 89 870 45
106 814 224 886 ‘pascite
240 832 268 872 ut
281 834 350 884 ante,
365 827 451 886 boves,
467 828 539 890 pueri
548 845 563 888 ;4
574 825 716 874 submittite
729 814 837 871 tauros.'

110 928 138 959 rr.
160 912 300 962 Fortunate
312 929 399 974 senex,
415 931 477 976 ergo
491 922 535 963 tua
547 931 608 963 rura
620 913 768 961 manebunt.

110 1007 135 1047 et
148 1000 193 1047 tibi
208 1016 303 1063 magna
315 1004 386 1062 satis,
402 1005 518 1066 quamvis
531 1004 597 1066 lapis
610 1002 697 1049 omnia
709 1000 793 1047 nudus

111 1088 255 1151 limosoque
267 1092 342 1152 palas
356 1092 468 1140 obducat
480 1107 577 1154 pascua
588 1091 673 1137 iunco.
758 1133 761 1141 .

111 1191 164 1222 non
177 1177 278 1226 insucta
290 1180 375 1240 gravis
389 1180 551 1242 temptabunt
563 1178 659 1242 pabula
672 1178 744 1236 setas,

55 1270 89 1312 50
111 1279 159 1312 nec
172 1267 241 1312 mala
253 1268 329 1315 vicini
343 1269 444 1330 pecoris
457 1269 578 1329 contagia
591 1267 702 1314 laedent

110 1353 239 1402 fortunato
252 1370 340 1414 senex,
356 1356 398 1405 hic
411 1357 478 1404 inter
490 1357 596 1404 flumina
609 1362 671 1402 nota

45 1497 49 1503 ¹
111 1449 136 1490 ct
149 1442 227 1490 sontis
240 1458 327 1491 sacros
341 1444 421 1506 frigus
435 1445 549 1507 captabis
563 1458 681 1506 opacum.

112 1530 173 1578 hinc
186 1531 241 1589 tibi,
257 1547 323 1593 quae
336 1547 445 1595 semper,
461 1533 544 1582 vicino
559 1533 590 1580 ab
605 1532 686 1579 limite
699 1544 788 1591 saepes

111 1618 234 1680 Hyblaeis
248 1619 338 1682 apibus
352 1621 440 1669 florem
455 1622 561 1684 depasta
573 1620 656 1668 salicti

57 1713 89 1754 55
111 1721 188 1768 saepe
202 1708 249 1755 levi
263 1723 382 1756 somnum
395 1709 514 1757 suadebit
526 1708 591 1755 inire
604 1722 718 1764 susurro,

110 1795 173 1842 hinc
186 1796 239 1842 alta
252 1796 298 1843 sub
312 1812 375 1859 rupe
389 1805 465 1845 canet
477 1797 614 1844 frondator
627 1797 658 1842 ad
673 1809 763 1842 auras:

110 1898 158 1931 nec
172 1891 256 1932 tamen
271 1884 368 1933 interea
380 1900 482 1944 raucae,
499 1893 543 1932 tua
556 1899 626 1941 cura,
642 1882 775 1945 palumbes

111 1987 160 2019 nce
173 1986 275 2033 gcmerc
289 1973 359 2021 acria
372 1973 482 2022 cessabit
494 1980 577 2019 turtnr
590 1972 621 2018 ab
635 1971 715 2017 ulmo.

109 2076 132 2107 a.
155 2061 224 2107 Ante
237 2060 305 2108 leves
319 2075 380 2122 crgo
393 2068 530 2123 pascentur
544 2061 570 2106 in
583 2059 686 2106 aethere
700 2058 775 2114 ccwi,

56 2154 89 2196 60
110 2155 136 2196 et
149 2147 214 2195 freta
227 2149 365 2197 destituent
377 2150 460 2196 nudos
473 2149 500 2195 in
513 2149 588 2195 litore
601 2147 693 2209 pisces,

110 2243 171 2284 ante
184 2237 319 2298 pererratis
333 2237 467 2284 amborum
481 2236 575 2283 finibus
589 2235 661 2283 exsul

111 2332 156 2371 aut
168 2325 272 2371 Ararim
286 2324 395 2372 Parthus
409 2325 480 2372 bibct
492 2332 537 2370 aut
550 2322 690 2370 Germania
702 2321 801 2382 Tigrim
867 2357 868 2361 ,

111 2427 190 2473 qaam
204 2419 291 2459 nostro
305 2412 375 2459 illins
388 2412 490 2460 labatur
503 2419 606 2474 pectore
619 2411 711 2457 voltus.

111 2515 139 2545 ar.
161 2499 198 2545 At
210 2513 257 2545 nos
270 2499 331 2546 hinc
344 2499 387 2545 alii
401 2499 510 2546 sitientis
524 2499 616 2545 ibimus
631 2498 716 2553 Afros,

56 2589 89 2630 65
110 2599 171 2646 pars
178 2583 311 2657 Scythiam
324 2587 482 2658 etrapidum
489 2586 586 2636 Cretae
596 2581 828 2635 contemmere
