1808 2956
103 173 111 217 l
125 171 159 218 12
337 180 363 219 P.
380 180 501 220 VERGILI
521 179 651 220 Mauortls

100 341 148 384 145
169 336 326 398 eduramque
340 337 423 399 pirum
437 344 462 385 et
474 337 562 400 spinos
575 337 627 385 iam
640 352 725 400 pruna
737 337 843 386 ferentis

168 426 271 487 iamque
283 426 471 473 ministrantem
483 425 616 487 platanum
624 426 772 487 potantibus
780 428 894 476 umbras.

167 529 255 562 verum
268 513 332 563 haec
344 515 399 576 ipse
412 514 532 576 equidem
544 515 633 576 spatiis
647 515 765 562 exclusus
782 516 879 578 iniquis

168 610 299 664 praetereo
312 609 389 664 atquc
402 603 458 650 aliis
470 610 529 664 post
539 617 580 650 me
588 604 894 667 memorandarelinquo.

202 690 277 739 Nune
290 705 347 752 age,
363 699 468 739 naturas
482 691 572 753 apibus
586 707 650 753 quas
662 691 778 754 Iuppiter
791 693 847 754 ipse

100 783 147 827 150
168 780 268 828 addidit
280 780 424 842 expediam,
440 794 553 842 proque
566 780 692 839 mercede,
708 795 818 828 canoros

169 866 291 916 Curetum
304 868 402 916 sonitus
416 868 619 931 crepitantiaque
633 883 693 916 aera
705 876 818 925 secutae,

167 956 275 1005 Dictaeo
290 957 353 1005 caeli
368 971 455 1018 regem
468 972 559 1019 pavere
572 956 619 1004 sub
633 964 716 1004 antro.

167 1045 238 1092 solae
252 1060 400 1093 communes
414 1052 497 1104 uates,
513 1046 644 1093 consortia
657 1052 725 1092 tecta

166 1132 348 1192 a1·bishabeat,
362 1133 514 1195 magnisque
525 1133 678 1195 agitautsub
686 1133 786 1194 legibus
794 1149 892 1191 aevom,

99 1224 146 1267 155
167 1227 192 1268 et
203 1223 314 1283 patriam
327 1223 399 1270 solae
412 1229 437 1270 et
450 1229 532 1270 certos
546 1237 640 1270 novere
653 1229 768 1284 penates,

167 1316 340 1373 venturaeque
353 1311 443 1358 hiemis
456 1326 582 1359 memores
596 1318 691 1360 aestate
704 1311 820 1359 laborem

167 1399 333 1460 experiuntur
346 1406 371 1446 et
383 1400 409 1446 in
423 1400 536 1447 medium
550 1400 666 1462 quaesita
679 1408 816 1461 reponunt.

167 1501 279 1548 namque
293 1487 359 1534 aliae
373 1488 440 1536 victu
457 1487 594 1549 invigilant
606 1495 631 1536 et
644 1488 747 1536 foedere
760 1481 836 1550 uecta

167 1582 318 1623 exercentur
331 1576 415 1636 agris3
436 1591 495 1638 pars
511 1577 579 1625 intra
591 1584 681 1639 saepta
694 1577 830 1623 domorum

99 1668 147 1710 160
167 1664 273 1712 narcissi
287 1664 421 1712 lacrimam
435 1672 459 1712 et
473 1665 569 1712 lentam
584 1665 615 1713 de
629 1664 723 1712 cortice
736 1665 824 1725 gluten

166 1753 250 1814 prima
262 1753 325 1800 savis
338 1762 439 1816 ponunt
452 1753 612 1811 fundamina,
629 1753 721 1801 deinde
735 1760 837 1802 tenaces

165 1842 325 1904 suspendunt
338 1856 425 1901 ceras;
446 1841 512 1889 aliae
525 1856 596 1904 spem
609 1842 692 1902 gentis
707 1843 810 1890 adultos

167 1930 280 1978 educunt
292 1931 373 1990 fetus3
394 1932 460 1979 aliae
474 1930 611 1992 purissima
623 1930 701 1977 mella

166 2019 263 2081 stipant
276 2026 301 2067 et
313 2021 413 2081 liquido
427 2019 576 2067 distendunt
589 2025 692 2066 nectare
706 2019 800 2077 ceilas;

98 2110 146 2154 165
166 2115 225 2154 sunt
238 2107 331 2170 quibus
346 2108 378 2167 ad
391 2115 478 2170 portas
492 2106 585 2155 cecidit
598 2108 715 2155 custodia
728 2109 789 2154 sorti

167 2195 244 2258 inque
257 2196 338 2244 vicem
352 2197 518 2259 speculantur
531 2210 611 2258 aquas
625 2202 650 2242 et
663 2195 753 2243 nubila
767 2196 832 2244 caeli

167 2290 211 2331 aut
224 2298 303 2332 onera
316 2285 446 2347 accipiunt
459 2284 604 2332 venientum
618 2291 662 2331 aut
675 2284 778 2344 agmine
792 2284 860 2332 facto

166 2371 287 2433 ignavom
300 2373 372 2421 sucos
386 2388 463 2435 pecus
478 2388 493 2420 a
505 2371 672 2434 praesepibus
686 2379 782 2420 arcent.

166 2458 245 2508 servm
258 2476 332 2524 opus,
351 2462 518 2523 redolentque
532 2460 620 2522 thymo
634 2460 777 2521 fragrantia
789 2460 875 2508 mella.

99 2552 147 2597 170
168 2564 197 2597 ac
210 2550 287 2597 veluti
302 2549 377 2597 lentis
392 2547 518 2611 Cyclopes
532 2548 643 2596 fulmina
655 2549 747 2596 massis

153 2653 214 2685 curn
225 2646 385 2704 properant,
403 2639 448 2690 alii
462 2637 574 2689 taurinis
587 2636 695 2685 1511111115
708 2651 784 2682 auras
