1808 2956
296 186 445 225 annamos
467 187 554 226 arnna
572 187 612 227 vr.
792 177 851 226 299

125 342 152 389 hi
167 342 299 389 dominam
312 342 380 390 Ditis
393 341 509 390 thalamo
523 342 650 391 deducere
664 335 768 390 adorti.’

125 445 193 493 qua-e
206 437 297 479 contra
309 429 418 478 breviter
430 430 484 477 sata
497 437 535 478 est
546 430 704 492 Amphrysia
715 436 784 479 uates

125 519 225 567 ‘nullae
238 518 280 567 hic
293 519 403 566 insidiae
416 519 479 566 tales
494 518 600 580 (absiste
612 519 729 579 moveri),

53 613 105 655 400
126 621 175 654 nee
188 607 238 654 vim
251 608 304 655 tela
316 606 414 665 ferunt3
435 607 495 654 licet
508 607 600 667 ingens
613 606 708 654 ianitor
721 615 794 655 antro

127 702 260 743 aeternum
272 695 370 743 latrans
383 696 509 756 exanguis
522 702 616 743 terreat
628 695 742 751 umbras,

127 790 199 831 casta
211 784 272 832 licet
283 784 369 846 patrui
382 791 464 831 servet
476 782 632 845 Proserpina
645 783 733 831 limen.

127 871 221 920 Troius
232 873 344 930 Aeneas,
360 873 455 934 pietate
468 871 577 933 insignis
591 873 715 928 sturmis,

127 961 159 1007 ad
172 961 315 1022 genitorem
328 961 394 1008 imas
406 960 483 1008 Erebi
497 960 630 1008 deseendit
643 960 675 1007 ad
690 959 802 1008 umbras.

55 1054 107 1097 405
127 1049 149 1096 si
161 1055 186 1097 te
200 1050 272 1098 nulla
285 1058 369 1098 movet
381 1055 468 1097 tantae
481 1048 583 1110 pietatis
596 1049 693 1109 imago,

128 1145 155 1185 at
166 1152 266 1185 ramum
279 1130 356 1187 hunc’
369 1137 464 1200 (aperit
480 1152 581 1185 ramum
599 1137 643 1199 qni
661 1144 728 1185 veste
746 1135 855 1197 latebat)

124 1216 301 1288 ‘adgnosces'
325 1227 425 1275 tumida.
438 1240 471 1274 ex
482 1226 521 1273 ira
534 1233 587 1273 tum
601 1226 681 1273 corda
693 1225 816 1273 residunt.

128 1329 175 1362 nec
188 1315 264 1377 plura
277 1314 325 1362 his.
353 1314 398 1362 ille
412 1314 542 1362 admirans
556 1313 703 1361 venerabile
716 1313 813 1360 donum

128 1403 213 1451 fatalis
227 1404 322 1464 virga-e,
339 1403 418 1463 longo
432 1410 491 1465 post
503 1411 618 1464 tempore
630 1401 722 1458 visum,

56 1496 108 1538 410
129 1491 275 1539 caeruleam
289 1491 397 1539 advertit
410 1491 517 1554 puppim
530 1491 652 1552 ripaeque
665 1489 830 1551 propinquat.

128 1579 189 1628 inde
202 1579 266 1627 alias
280 1580 393 1638 animas,
415 1593 482 1641 quae
495 1594 541 1641 per
552 1579 615 1639 iuga
628 1579 708 1638 longa
721 1577 852 1634 sedebant,

129 1666 248 1715 deturbat
261 1668 383 1730 laxatque
397 1668 483 1727 foros3
503 1667 580 1714 simul
594 1666 688 1728 accipit
701 1666 773 1712 alveo
862 1709 864 1713 .

129 1754 260 1817 ingentem
273 1757 389 1804 Aenean.
418 1756 516 1818 gemuit
527 1754 574 1802 sub
589 1754 703 1816 pondere
716 1753 809 1802 cumba

128 1844 212 1892 s'ntilis
226 1852 251 1892 et
263 1845 372 1892 multam
384 1845 484 1906 accepit
497 1844 593 1891 rimosa
605 1842 735 1903 paludem.

56 1939 107 1981 415
129 1934 234 1982 tandem
253 1940 324 1980 trans
343 1933 447 1980 fluvium
461 1931 598 1980 incolumis
615 1939 750 1992 vatemque
763 1930 857 1976 virum·

432 2035 482 2082 que

129 2110 233 2158 informi
247 2110 309 2157 limo
322 2109 468 2170 glaucaque
482 2109 589 2170 exponit
600 2107 628 2154 in
640 2108 709 2154 ulva.

166 2198 292 2248 Cerberus
307 2198 370 2246 haec
384 2197 475 2258 ingens
488 2197 582 2244 latratu
595 2210 676 2256 regna
689 2194 790 2242 trifauci

131 2294 261 2350 personat,
277 2287 383 2334 adverso
397 2284 522 2333 recubans
536 2284 647 2331 inmanis
660 2284 686 2330 in
701 2291 783 2329 antro.

132 2377 174 2424 cui
186 2384 266 2434 vates,
282 2375 385 2422 horrere
398 2373 487 2421 videns
501 2373 553 2419 iam
567 2372 636 2419 colla
650 2371 771 2426 colubris,

60 2470 111 2512 420
132 2465 208 2512 melle
222 2471 371 2526 soporatam
384 2471 409 2510 et
421 2461 555 2510 medicatis
568 2459 684 2521 frugibus
698 2459 777 2507 offam

132 2553 220 2602 obicit.
248 2553 292 2600 ille
305 2551 372 2600 fame
386 2550 478 2598 rabida
489 2549 541 2597 tria
552 2556 662 2612 guttura
670 2549 797 2612 pannem

126 2641 233 2702 corripit
245 2640 377 2692 obiectam
392 2652 476 2710 atque
489 2641 617 2693 inmunia
627 2646 712 2701 terga
720 2627 840 2681 nasama
