1808 2956
72 189 87 234 3
95 189 109 235 9
117 188 132 233 2
311 193 336 230 Ρ.
354 191 475 229 VERGILI
497 186 628 227 MABONIS

141 364 186 398 seu
199 362 289 411 pacem
303 362 348 395 seu
361 347 431 394 bella
443 360 541 407 geram,
557 343 603 391 tibi
616 343 734 392 maxima
748 359 834 392 rerum

141 437 329 497 verborumque
342 425 424 481 iides.'
449 440 540 481 contra
553 446 630 494 quem
644 432 709 479 talia
723 431 795 479 fatur

140 524 277 587 Euryalus.
301 512 354 570 ‘me
366 522 440 570 nulla
453 522 507 568 dies
521 526 573 567 tam
587 519 697 567 fortibus
712 521 783 568 urrais

71 619 121 662 280
142 613 293 660 dissimilem
307 611 434 673 arguerit:
451 616 550 656 tantum
564 608 668 655 fortuna
681 609 801 656 secunda

142 702 211 749 haud
225 701 332 748 adversa
345 699 428 747 cudat.
457 698 501 744 sed
516 704 539 743 te
553 710 629 758 super
643 697 733 744 omnia
747 697 819 745 dona

142 804 222 838 unum
235 803 296 835 oro:
312 787 429 848 genetrix
441 785 536 833 Priami
551 784 582 832 de
596 792 673 845 gente
686 792 790 833 vetusta

142 885 180 926 est
193 876 266 935 mihi,
283 891 360 937 quam
374 875 493 922 miseram
507 873 588 921 tenuit
602 887 655 919 non
668 873 718 920 llia
732 875 812 922 tellus

142 980 243 1013 meeum
257 964 432 1020 excedentem,
448 977 500 1009 non
514 961 618 1008 moenia
630 961 698 1021 regis
713 962 835 1010 Acestae.

72 1059 121 1101 285
143 1053 210 1100 hane
229 1067 277 1114 ego
298 1066 366 1099 nune
385 1051 503 1111 ignaram
520 1049 596 1096 huius
611 1048 799 1111 quodcumque
812 1050 876 1112 peri-

443 1138 500 1185 elist

142 1229 220 1289 inque
234 1227 372 1274 salutatam
386 1226 491 1287 linquo;
509 1239 561 1271 nox
575 1232 600 1272 et
613 1231 658 1271 tua
671 1225 743 1272 testis

142 1318 247 1364 dextera
261 1314 330 1375 quod
344 1328 471 1375 nequeam
485 1314 605 1360 lacrimas
619 1312 733 1375 perferre
747 1316 874 1376 parentis.

142 1412 169 1452 at
181 1412 217 1462 tu,
234 1417 288 1461 ore,
305 1402 390 1449 solare
403 1402 507 1463 inopem
520 1398 545 1449 e't
558 1415 678 1449 succurre
692 1402 812 1452 relictae.

142 1493 210 1540 hane
224 1491 279 1539 siue
292 1505 333 1538 me
346 1504 418 1552 spem
432 1490 497 1538 ferre
510 1489 562 1536 tui:
579 1490 716 1537 audentior
729 1491 774 1538 ibo

72 1587 123 1630 290
142 1581 169 1628 in
184 1595 258 1628 casus
272 1570 380 1627 omues.'
405 1593 527 1640 percussa
540 1585 624 1626 mente
638 1578 732 1626 dedere

142 1669 311 1717 Dardanidae
322 1667 459 1725 lacrimas3
474 1674 533 1715 ante
547 1666 630 1714 omnis
644 1667 754 1728 pulcher
767 1668 851 1727 Iulus,

142 1767 219 1820 utque
233 1758 347 1805 animum
361 1756 459 1817 patriae
472 1756 574 1802 strinxit
587 1755 689 1817 pietatis
703 1755 804 1818 imago.

142 1855 196 1894 tum
210 1846 246 1893 sie
260 1845 360 1893 effatur.

138 1925 249 1996 ‘sponde
263 1934 342 1993 digna
354 1932 405 1980 tuis
419 1931 566 1993 ingentibus
581 1931 668 1979 omnia
682 1932 791 1993 coeptis.
857 1925 860 1931 '

72 2028 122 2070 295
143 2035 255 2083 namque
268 2021 316 2068 erit
328 2021 377 2067 ista
390 2020 453 2067 mihi
467 2021 584 2080 genetrix
598 2033 746 2080 nomenque
761 2019 877 2069 Creusae

142 2111 227 2158 solum
241 2108 349 2156 deluerit
363 2123 409 2156 nec
423 2116 525 2170 partum
537 2109 620 2169 gratia
633 2108 712 2154 talem
772 2173 774 2177 Ι

142 2213 221 2261 parva
234 2204 328 2245 manet.
355 2212 428 2245 casus
443 2197 538 2244 factum
552 2197 708 2258 quicumque
721 2207 873 2258 sequentur,

142 2302 188 2350 per
201 2294 278 2348 eaput
291 2285 340 2333 hoe
353 2285 419 2343 iuro,
435 2300 481 2347 pcr
494 2285 563 2347 quod
578 2293 650 2346 pater
663 2290 723 2331 unte
737 2286 855 2334 solebat:

144 2390 209 2439 quae
222 2375 268 2422 tibi
283 2375 408 2436 polliceor
421 2374 507 2421 reduci
522 2373 648 2435 rebusque
661 2374 793 2433 secundis,

71 2471 123 2514 300
142 2466 206 2513 haee
219 2464 309 2512 eedem
322 2463 449 2523 matrique
463 2469 521 2509 tuae
534 2462 674 2523 generique
687 2455 852 2511 manebunt?

142 2555 179 2603 sie
192 2554 228 2601 ait
241 2552 425 2608 inluerimuns;
441 2563 529 2597 umero
543 2549 618 2596 simul
633 2549 704 2596 exuit
717 2564 818 2610 ensem,

128 2654 263 2706 auratum,
280 2643 349 2694 mira
362 2657 445 2709 quem
457 2640 558 2689 iecerat
569 2645 625 2684 arte
633 2635 746 2695 Lucrum
