1808 2956
254 199 401 238 AENEIDOS
420 201 506 238 LIBER
523 201 565 239 XI.
739 191 799 237 453

73 356 154 404 victor
172 355 258 404 habet.
286 363 341 403 tum
360 364 457 404 maesta
475 356 590 418 phalanx
602 357 747 420 Teucrique
765 371 802 404 sc-

375 451 468 492 cuntur

74 532 253 594 Tyrrhenique
266 547 354 581 omnes
368 540 393 580 et
405 533 482 580 versis
495 534 610 581 Arcades
624 534 710 581 armis.

72 627 211 685 postquam
224 622 307 668 omnis
321 622 399 682 louge
412 622 535 669 comitum
554 628 714 683 processerat
727 623 800 681 ordo,

28 714 53 757 ³5
73 708 187 757 substitit
199 709 301 757 Aeneas
315 710 464 771 gemituque
477 709 542 758 haec
555 710 636 758 edidit
649 710 710 758 alto.

70 789 129 846 ‘nos
142 798 206 846 alias
220 797 281 846 hinc
294 797 326 844 ad
340 798 460 846 lacrimas
474 798 564 846 eadem
576 798 683 846 horrida
696 799 758 847 belli

73 887 127 935 fata
139 894 247 934 vocant:
269 886 338 933 salve
352 893 484 933 aeternum
498 887 569 944 mihi,
590 889 703 935 maxime
716 887 801 945 Palla,

73 982 257 1038 aeternumque
270 965 346 1022 vale'
371 988 419 1021 nec
432 973 507 1035 plura
520 975 611 1022 effatus
625 977 657 1023 ad
672 976 737 1023 altos

73 1065 195 1112 tendebat
207 1078 293 1111 muros
307 1076 475 1124 gressumque
487 1063 514 1109 in
528 1070 612 1111 eastra
625 1063 731 1112 ferebat.

28 1157 54 1199 to
108 1152 215 1214 Iamque
229 1157 344 1199 oratores
357 1151 465 1199 aderant
478 1165 510 1198 ex
522 1150 585 1198 urbe
598 1150 701 1211 Latina,

74 1240 151 1288 velati
163 1240 241 1287 ramis
255 1241 327 1288 oleae
340 1240 493 1301 veniamque
506 1246 636 1300 rogantes,

76 1343 193 1390 corpora,
209 1343 254 1390 per
267 1343 371 1391 campos
385 1328 451 1376 ferro
466 1342 532 1390 quae
545 1328 602 1376 susa
615 1328 743 1386 iacebant,

73 1416 191 1464 redderet
203 1432 233 1465 uc
246 1417 347 1464 tumulo
361 1416 455 1465 sineret
467 1416 605 1464 succedere
618 1424 714 1474 terrac3

75 1505 176 1552 nullum
190 1520 248 1552 cunr
261 1505 333 1552 victis
347 1512 475 1552 certamen
489 1512 514 1553 et
527 1504 629 1553 aethere
643 1505 735 1569 cassis3

28 1597 55 1639 J5
76 1600 192 1652 parceret
204 1592 349 1655 hospitibus
363 1595 494 1654 quondam
508 1595 655 1656 socerisque
668 1594 774 1641 vocatis.

77 1693 140 1740 quos
154 1678 237 1726 bonus
250 1681 361 1738 Aeneas,
377 1680 446 1728 haud
459 1684 623 1744 aspernanda
636 1681 774 1745 precantis,

76 1767 240 1829 prosequitur
252 1767 327 1814 venia
340 1774 365 1814 et
377 1768 459 1815 verbis
472 1769 536 1817 haee
549 1771 654 1832 insuper
668 1770 747 1817 addit.

72 1846 215 1918 ‘quaenam
228 1870 272 1902 vos
286 1862 357 1903 tanto
371 1855 475 1903 fortuna
486 1856 603 1917 indigna,
617 1858 713 1916 Latini,

77 1944 196 2007 inplicuit
208 1942 286 2002 bello,
303 1942 406 2005 quinos
420 1943 525 2003 fugiatis
539 1945 654 1992 amieos?

27 2039 56 2080 10
76 2048 166 2096 pacem
179 2047 221 2080 me
234 2031 360 2078 exanimis
374 2038 399 2079 et
411 2031 501 2078 Martis
514 2041 581 2079 sorte
595 2035 732 2096 peremptis

77 2121 174 2170 oratis?
194 2120 315 2182 equidem
328 2127 353 2168 et
364 2119 426 2166 vivis
440 2120 581 2167 concedere
594 2121 695 2168 vellem.

77 2224 124 2257 nee
137 2210 203 2267 veni,
219 2209 268 2256 nisi
282 2209 335 2256 fata
347 2209 434 2256 locum
446 2208 585 2271 sedemque
599 2209 743 2269 dedissent3

76 2312 124 2346 nec
137 2298 234 2346 bellum
248 2312 306 2345 eum
319 2304 395 2358 geute
407 2312 485 2359 gero:
507 2312 552 2346 rex
566 2305 653 2347 nostra
666 2300 772 2362 reliquit

77 2385 190 2447 hospitia
202 2393 228 2434 et
239 2385 321 2433 Turni
334 2386 419 2448 potius
433 2401 459 2434 se
473 2387 581 2435 credidit
593 2388 679 2436 armis.

28 2478 56 2521 15
77 2474 184 2535 aequius
198 2474 258 2522 huic
272 2474 388 2522 Turnum
403 2474 485 2523 fuerat
497 2490 524 2524 se
537 2490 668 2538 opponere
680 2478 770 2524 morti.-

76 2563 97 2609 si
111 2562 209 2610 bellurn
223 2563 295 2611 finire
308 2578 396 2621 manu,
412 2565 432 2611 si
447 2564 543 2627 pellere
556 2563 674 2612 Teucros

74 2661 190 2712 apparat,
207 2651 247 2701 iris
261 2668 365 2703 meeum
379 2655 472 2705 decuit
486 2665 654 2703 concurrere
662 2648 752 2700 tensa
