1808 2956
81 175 142 225 beo
193 169 203 189 ¹
436 185 521 226 crare.

80 346 129 390 185
149 349 177 390 ut
189 342 277 406 patris,
293 358 309 390 a
322 343 435 401 demens,
451 344 547 391 crinem
561 344 592 391 de
605 343 700 392 vertice
713 352 813 392 sectum

149 430 288 493 furtimque
301 439 394 492 arguto
408 431 544 479 detonsum
557 432 670 480 mitteret
683 432 768 481 hosti:

149 533 262 581 namque
275 519 339 568 haec
352 520 471 568 condicio
486 519 594 568 miserae
607 521 764 582 proponitur
777 536 843 580 una3

149 607 201 656 sive
214 607 261 655 iila
273 607 397 669 ignoraus
411 607 480 670 (quis
494 622 547 657 non
560 607 643 656 bonus
657 610 749 658 omnia
762 610 834 658 malit

150 696 253 744 credere
266 710 344 758 quam
357 696 421 745 tanti
434 696 538 744 sceleris
552 697 677 744 damnare
690 697 806 759 puellam
812 698 843 760 i),

81 788 132 832 190
149 784 199 832 heu
212 791 299 833 tamen
311 785 417 833 infelix:
434 784 496 846 quid
510 784 876 848 enimiuprudeutiaprodest?

149 871 210 920 Nise
224 880 305 935 pater,
320 873 361 921 eui
375 873 475 935 direpte
488 873 625 921 crudeliter
639 873 703 922 urbe

148 961 191 1008 vix
204 962 252 1009 erit
265 976 316 1009 una
328 976 406 1024 super
418 962 492 1009 aedes
505 961 532 1008 in
545 961 657 1008 turribus
671 962 731 1011 eltis

149 1049 229 1098 sessus
243 1049 286 1097 ubi
300 1056 416 1098 extructo
430 1050 513 1112 possis
527 1049 661 1098 eonsidere
675 1051 748 1110 nido,

149 1145 176 1185 tu
190 1153 294 1200 quoque
307 1137 360 1185 avis
374 1145 501 1185 metuere:
524 1138 596 1185 dabit
608 1138 653 1186 tibi
668 1139 723 1188 filia
736 1155 842 1202 peenas.

81 1232 128 1275 195
148 1227 268 1288 gaudete,
284 1241 299 1273 ο
313 1227 418 1284 celeres,
433 1225 559 1274 subnixae
572 1227 684 1275 nubibus
697 1229 768 1286 altis,

150 1329 216 1376 quae
230 1329 309 1372 mare,
326 1329 392 1377 quae
406 1315 499 1363 virides
512 1315 589 1362 silves
602 1316 728 1378 lucosque
742 1325 861 1365 sorurntes

148 1402 270 1461 incolitis,
285 1403 405 1464 gaudete,
420 1417 502 1464 vagae
514 1404 678 1466 blandaeque
691 1406 819 1465 volucres,

148 1505 245 1554 vosque
259 1492 333 1550 adeo,
349 1491 456 1539 humani
469 1499 582 1541 mutatae
597 1494 712 1555 corporis
727 1503 809 1554 artus,

148 1595 192 1628 vos
207 1594 221 1626 ο
236 1580 332 1628 crudeli
347 1580 459 1628 satorum
473 1582 539 1642 lege,
554 1580 657 1643 puellae

79 1674 130 1716 200
149 1669 301 1728 Dauliades,
315 1669 441 1731 gaudete:
463 1669 531 1716 venit
543 1669 677 1717 carissima
689 1669 772 1728 volsis,

149 1765 274 1818 cognatos
288 1773 385 1820 augens
398 1773 471 1819 reges
485 1773 672 1821 numerumque
685 1773 802 1817 suorum,

149 1847 208 1894 ciris
221 1855 247 1895 et
259 1847 313 1910 ipse
327 1853 407 1909 pater.
436 1862 489 1904 vos,
505 1861 519 1892 ο
533 1846 708 1908 pulcherrima
721 1848 856 1909 quondam

149 1950 266 1998 corpora,
283 1936 414 1984 caeruleas
428 1936 578 1997 praevertite
591 1935 618 1981 in
632 1934 739 1983 aethera
751 1936 843 1992 nubes,

149 2039 200 2086 qua
214 2040 294 2071 novus
307 2025 339 2072 ad
353 2039 474 2086 superum
487 2024 561 2072 sedes
574 2023 716 2072 haliaeetus
730 2032 756 2070 et
769 2039 822 2086 qua

78 2117 127 2159 205
149 2112 260 2172 candida
273 2127 409 2161 concessos
422 2112 564 2161 adscendet
577 2112 635 2160 ciria
648 2111 772 2160 honores.

183 2201 289 2263 Iamque
303 2203 368 2250 adeo
382 2201 451 2249 dulei
465 2200 596 2249 devinctus
609 2200 710 2248 lumina
722 2216 817 2250 somno

148 2287 224 2336 Nisus
238 2297 292 2338 erat
305 2291 464 2352 vigilumque
477 2290 566 2352 procul
581 2288 699 2337 custodia
712 2289 804 2351 primis

147 2378 269 2428 excubias
283 2378 380 2426 foribus
393 2379 479 2426 studio
492 2377 605 2426 iactabat
617 2377 698 2435 inani,

149 2483 207 2515 curn
220 2468 308 2515 furtim
322 2468 400 2516 tacito
415 2466 572 2515 descendens
585 2465 673 2527 Scylla
687 2465 767 2514 cubili

66 2561 122 2607 210
140 2558 249 2609 auribus
264 2556 371 2608 arrectis
385 2564 514 2605 nocturna
524 2554 629 2602 siieuria
638 2560 747 2614 temptat

128 2660 158 2702 et
169 2653 275 2721 pressis
290 2661 403 2704 tenuem
418 2645 582 2712 siuguiriisus
594 2653 657 2688 aera
667 2646 764 2696 usuras„
