1808 2956
370 172 478 222 capax}
762 175 818 220 547

95 342 138 390 hie
152 350 176 389 et
189 341 259 388 fama
271 348 341 388 vetus
355 355 496 402 numquam
510 340 634 387 moritura
648 339 761 399 Camilli,

96 430 201 478 Curtius
216 438 248 488 et,
264 431 354 477 mediis
369 445 444 492 quem
458 429 590 491 quondam
603 428 706 476 sedibus
719 428 788 476 urbis

96 521 217 568 devotum
230 520 306 566 tellus
321 519 480 579 consumpsit
492 517 600 578 gurgitis
614 518 692 574 unda,

48 615 74 657 55
95 608 197 656 Mucius
211 616 243 666 et,
260 608 371 669 prudens
385 607 504 654 ardorem
517 621 624 667 corpore
638 619 737 666 passus,

95 697 138 745 hie
152 695 244 744 Curius
259 697 344 744 clarae
356 696 441 744 socius
454 694 553 741 virtutis
567 700 592 741 et
603 694 650 740 ille

96 785 238 843 Fabricius,
255 786 329 832 cessit
344 785 384 832 cui
398 785 479 831 fracta
492 784 607 845 potentia
621 783 696 843 regis,

96 872 285 936 Scipiadaeque
299 875 384 930 duces,
401 887 510 934 quorum
524 873 616 919 devota
629 871 764 932 triumphis

96 963 200 1010 moenia
212 966 224 1022 †
237 962 333 1023 rapidis
347 961 459 1022 Libycae
472 960 639 1020 Karthaginis
655 960 767 1006 horrent.

48 1057 77 1100 70
96 1052 151 1098 iure
165 1052 243 1112 igitur
256 1050 319 1097 tales
333 1050 406 1096 sedes
419 1049 521 1110 pietatis
535 1049 656 1095 honores.

97 1140 134 1187 illi
149 1140 226 1187 laude
239 1154 286 1186 sua
299 1139 401 1198 rigeant
411 1152 479 1198 pege
493 1138 560 1183 llitis
575 1151 670 1199 opacos

97 1242 176 1289 cogor
190 1228 260 1275 adire
274 1228 354 1284 lacus,
369 1241 463 1274 vamros
477 1225 601 1272 alumine
615 1224 722 1282 Phoebi,

97 1323 122 1364 et
134 1324 233 1363 vastum
245 1316 434 1377 Phlegethonta
448 1313 510 1376 pati,
527 1328 588 1375 quo,
604 1314 715 1361 maxime
728 1313 822 1372 Minos,

98 1405 273 1452 conscelerata
286 1405 330 1466 pia
344 1404 467 1452 discernis
480 1403 583 1450 saecula
595 1403 663 1450 sede.

48 1498 77 1541 75
98 1506 159 1551 ergo
172 1492 223 1538 iam
238 1507 342 1540 causam
355 1493 453 1549 mortis,
469 1492 520 1539 iam
535 1492 619 1539 dicere
632 1492 698 1539 ritae

98 1578 244 1625 verberibus
258 1595 348 1627 saevae
361 1588 457 1641 cogunt
470 1581 516 1626 sub
530 1581 615 1627 iudice
629 1580 740 1638 Poenae,

100 1680 157 1713 cum
170 1665 232 1712 mihi
247 1673 274 1712 tu
288 1667 321 1713 sis
335 1682 413 1714 causa
425 1668 496 1724 urali,
513 1682 559 1714 nec
573 1669 690 1715 conscius
704 1667 788 1715 adsis:

98 1755 142 1803 sed
157 1754 335 1801 tolerabilibus
349 1755 415 1801 curis
429 1755 492 1802 haec
505 1755 632 1802 inmemor
645 1757 718 1803 audis

99 1852 124 1891 ct
136 1842 270 1891 tamenetsi
285 1843 358 1890 audis
373 1842 483 1890 dimittes
498 1843 585 1891 omnia
598 1844 678 1891 ventis

48 1939 79 1982 80
99 1940 124 1981 et
136 1947 194 1980 mea
208 1931 313 1980 diffusas
328 1931 459 1994 rapientur
472 1930 541 1978 dieta
553 1946 598 1993 per
612 1947 696 1980 auras.

100 2021 230 2082 digredior
243 2035 384 2082 numquam
398 2020 534 2067 rediturus.
562 2027 591 2067 tu
603 2020 659 2068 cole
673 2020 755 2069 fontes

99 2117 124 2157 et
136 2110 229 2157 virides
243 2123 377 2156 nemorum
390 2108 466 2155 silvas
480 2114 505 2156 et
517 2123 614 2170 pascua
627 2101 728 2157 laetus'

100 2199 165 2245 dixit
178 2206 203 2246 et
216 2206 331 2246 extrema
343 2197 421 2244 tristis
436 2212 493 2243 cum
506 2212 568 2245 voce
582 2198 694 2244 recessit.

135 2287 210 2336 Hunc
224 2288 267 2335 ubi
281 2287 421 2334 sollicitum
435 2286 532 2333 dimisit
543 2285 637 2333 inertia
649 2286 724 2344 vitae,

48 2381 79 2424 85
100 2377 206 2423 interius
219 2377 330 2437 graviter
343 2383 524 2435 regementem‚
540 2389 587 2422 nec
600 2374 659 2421 tulit
671 2375 739 2421 ultra

100 2465 216 2512 sensibus
230 2465 343 2512 infusum
357 2464 445 2512 culicis
460 2464 491 2510 de
504 2469 585 2510 morte
599 2463 724 2521 dolorem,

101 2560 336 2616 quantumcumque
350 2552 397 2600 sibi
412 2553 477 2600 vires
491 2552 606 2600 tribuere
617 2552 718 2599 seniles

94 2640 164 2700 (quis
178 2648 263 2690 tamen
277 2643 406 2692 infestum
418 2658 550 2708 pugnans
563 2625 860 2734 demeeralhoste'xsshs

645 2719 691 2766 ab
