1808 2956
362 174 548 214 CATALECTA.
792 168 849 214 531

125 333 147 380 si
160 333 264 380 laudem
277 332 417 394 adspirare,
434 332 538 380 humilis
551 332 572 380 si
586 332 657 381 adire
671 348 800 392 camenae,

162 421 183 469 si
196 421 280 484 patrio
294 419 386 468 Graios
400 421 513 469 carmine
527 421 598 469 adire
611 421 678 468 sales

126 525 271 573 possumus,
288 510 382 572 optatis
395 510 453 571 plus
467 509 518 556 iam
532 510 695 571 procedimus
710 510 780 572 ipsis.

162 598 211 646 hoc
224 598 286 645 satis
300 605 351 657 est3
371 597 462 660 pingui
476 597 513 644 nil
526 597 589 644 mihi
603 612 661 645 cum
674 599 781 661 populo.

426 685 485 732 XII.

125 774 230 836 Aspice,
247 789 323 836 quem
337 773 423 822 valido
436 773 574 821 subnixum
588 775 673 836 gloria
685 789 765 835 regno

162 863 237 910 altius
252 870 276 911 et
290 863 354 910 caeli
368 862 470 910 sedibus
485 863 625 911 extulerat:

125 957 251 1000 terrarum
264 951 306 998 hic
320 951 388 998 bello
403 966 526 1012 magnum
542 959 706 999 concusserat
718 950 816 1010 orbem,

161 1040 203 1087 hic
217 1054 289 1101 reges
302 1039 381 1087 Asiae
393 1039 513 1100 fregerat,
528 1040 570 1087 hic
583 1041 703 1102 populos,

91 1134 105 1176 5
125 1128 167 1176 hic
179 1143 256 1189 grave
269 1128 400 1176 servitium
412 1127 458 1174 tibi
471 1128 532 1186 iam,
548 1127 593 1175 tibi
606 1127 698 1187 Roma,
714 1128 812 1177 ferebat

161 1216 258 1278 (cetera
270 1231 382 1278 namque
395 1216 441 1263 viri
456 1217 561 1278 cuspide
575 1217 761 1280 conciderant),

126 1320 184 1352 cum
198 1305 282 1353 subito
296 1306 323 1352 in
336 1305 422 1353 medio
436 1320 521 1353 rerum
535 1305 672 1354 certamine
685 1321 808 1369 praeceps

161 1394 265 1452 corruit,
281 1408 294 1441 e
307 1394 391 1456 patria
403 1395 491 1456 pulsus
505 1394 531 1440 in
546 1394 660 1441 exilium.

125 1482 177 1528 tale
190 1482 252 1528 deae
266 1496 370 1540 numen,
386 1483 431 1530 tali
444 1483 564 1531 mortalia
578 1483 627 1529 ritu

74 1575 105 1615 10
161 1567 242 1614 fallax
254 1577 385 1617 momento
399 1571 519 1632 temporis
533 1570 598 1618 hora
611 1570 671 1617 ruit.

414 1657 487 1705 ΧΠΙ.

126 1743 296 1805 Quocumque
308 1743 346 1790 ire
359 1743 443 1790 ferunt
455 1745 541 1793 variae
555 1760 601 1792 nos
615 1752 731 1807 tempora
746 1745 821 1804 vitae,

160 1841 266 1894 tangere
280 1847 343 1894 quas
358 1839 436 1879 terras
451 1847 566 1895 quosque
579 1833 664 1881 videre
677 1832 804 1891 homines,

125 1923 277 1984 dispeream,
293 1921 313 1968 si
329 1928 352 1968 te
366 1920 442 1968 fuerit
454 1919 517 1967 mihi
531 1921 615 1968 carior
628 1922 700 1969 alter.

161 2011 225 2057 alter
239 2010 307 2057 enim
321 2009 378 2072 quis
392 2015 416 2057 te
429 2009 529 2056 dulcior
543 2023 597 2056 esse
610 2016 702 2072 potest,

91 2104 105 2146 5
126 2100 166 2146 cui
179 2099 264 2146 iuveni
278 2107 337 2146 ante
351 2097 416 2145 alios
431 2098 481 2145 divi
495 2098 632 2160 divumque
645 2111 744 2144 sorores

160 2194 261 2245 cuncta,
277 2202 361 2250 neque
375 2187 492 2248 indigno,
508 2186 592 2245 Musa,
607 2186 700 2233 dedere
713 2185 789 2243 bona,

124 2283 217 2323 cuncta
249 2276 342 2338 quibus
373 2276 470 2338 gaudet
498 2273 596 2322 Phoebi
628 2272 721 2321 chorus
746 2274 852 2336 ipseque

423 2361 561 2411 Phoebus?

161 2452 260 2500 doctior
274 2467 289 2499 o
303 2453 360 2514 quis
374 2460 407 2512 te,
422 2453 506 2509 Musa,
522 2450 600 2498 fuisse
614 2449 715 2512 potest?

124 2555 139 2586 o
154 2540 211 2601 quis
224 2546 249 2587 te
262 2540 289 2586 iu
302 2540 374 2588 terris
389 2541 504 2604 loquitur
517 2539 655 2586 iucundior
668 2538 740 2584 unol

69 2633 103 2675 10
156 2625 213 2674 Clio
227 2637 278 2675 tam
293 2636 360 2678 certe
376 2631 493 2680 candida
505 2627 730 2725 nonloopimuk

662 2708 684 2754 ‘a
693 2705 716 2748 4
