1808 2956
272 156 441 198 GEORGICON
457 159 545 197 LIBER
561 159 593 198 ΙΙ.
793 151 828 198 67

50 322 77 364 55
98 315 160 364 hino
174 315 286 363 bellator
299 330 359 364 ecus
373 330 465 377 campo
479 330 535 363 sese
548 316 643 364 arduos
656 317 741 377 infert,

98 405 160 453 hinc
176 404 239 462 albi,
256 402 396 459 Clitumne,
412 418 504 466 greges
518 412 543 452 et
555 406 669 454 maxima
682 413 770 454 taurus

98 494 204 541 victima
216 507 294 555 saepe
307 499 351 540 tuo
365 493 461 555 perfusi
474 492 579 542 flumine
591 508 665 542 sucro

98 582 232 630 Romanos
245 582 278 628 ad
293 582 390 643 templa
402 583 480 629 deum
493 582 589 630 duxere
603 583 756 645 triumphos.

98 671 141 719 bia
154 685 198 719 ver
210 669 348 717 adsiduum
361 679 439 732 atque
452 671 543 719 alienis
556 671 687 719 mensibus
700 679 783 720 aestas
794 688 800 731 ;

50 766 78 809 50
98 759 138 807 bis
151 759 275 821 gravidae
288 758 408 820 pecudes,
424 758 462 806 bis
475 761 559 822 pomis
572 760 643 807 utilis
657 759 742 808 arbos.

98 856 125 896 at
138 848 245 896 rabidae
258 848 336 909 tigres
350 847 444 895 absunt
456 856 481 896 et
494 864 570 897 saeva
583 850 687 897 leonum

97 938 207 996 semina,
223 951 271 984 nec
283 936 390 984 miseros
404 935 499 984 fallunt
512 937 616 985 aconita
628 938 751 1000 legentes,

97 1041 147 1075 nec
160 1026 228 1089 rapit
240 1025 371 1073 inmensos
385 1024 459 1072 orbes
473 1040 518 1088 per
531 1026 638 1073 humum
655 1042 739 1089 neque
757 1035 830 1075 tanto

96 1129 237 1178 squameus
251 1115 277 1161 in
290 1114 386 1176 spiram
400 1122 482 1162 tractu
495 1129 522 1163 se
536 1114 636 1176 colligit
649 1117 750 1178 anguis.

50 1208 77 1252 55
98 1205 166 1252 adde
179 1211 218 1251 tot
230 1204 347 1265 egregias
360 1203 436 1251 urbes
449 1219 607 1266 operumque
620 1204 745 1263 laborem,

97 1301 136 1341 tot
149 1300 274 1354 congesta
287 1307 365 1340 manu
379 1293 522 1354 praeruptis
537 1293 633 1355 oppida
647 1294 716 1341 saxis

97 1381 256 1444 fluminaque
269 1382 391 1443 antiquos
404 1380 606 1429 subterlabentia
619 1397 714 1430 muros.

98 1485 131 1518 an
155 1485 227 1519 mare
251 1471 320 1532 quod
345 1485 424 1532 supra
446 1485 586 1519 memorem
606 1471 728 1532 quodque
747 1469 831 1517 adluit

400 1558 486 1606 infra?

97 1663 165 1697 anne
178 1649 251 1696 lacus
264 1647 367 1695 tantos?
386 1656 420 1706 te,
436 1647 496 1694 Lari
510 1648 631 1706 maxime,
647 1654 733 1710 teque,

50 1739 78 1784 60
96 1736 217 1798 fluctibus
230 1744 255 1784 et
268 1736 370 1784 fremitu
384 1737 525 1797 adsurgens
538 1736 641 1784 Benace
654 1735 771 1782 marino?

97 1841 130 1874 an
144 1840 286 1874 memorem
298 1833 388 1887 portus
401 1825 567 1888 Lucrinoque
581 1825 668 1872 addita
682 1826 794 1872 claustra

96 1922 174 1977 atque
187 1914 351 1976 indignatum
365 1915 465 1976 magnis
479 1913 631 1962 stridoribus
645 1927 750 1975 aequor,

95 2003 164 2052 iulia
177 2018 230 2066 qua
242 2010 323 2066 ponto
337 2003 415 2064 longe
429 2010 505 2050 sonat
516 2003 587 2050 unda
599 2002 685 2050 refuso

95 2093 297 2156 Tyrrhenusque
310 2091 381 2140 fretis
394 2092 531 2139 inmittitur
544 2099 629 2140 aestus
642 2090 769 2138 Arernis?

50 2183 75 2228 55
95 2181 159 2229 haee
174 2181 265 2229 eadem
279 2181 378 2242 argenti
392 2181 460 2228 rivos
474 2181 591 2242 aerisque
605 2181 711 2228 metalla

95 2270 210 2318 ostendit
224 2269 293 2317 renis
307 2276 384 2331 atque
398 2283 461 2316 auro
475 2270 588 2332 plurima
600 2270 682 2316 tinxit.

95 2359 160 2407 haec
173 2372 256 2420 genus
270 2372 328 2405 acre
340 2358 422 2405 virum
429 2359 528 2406 Marsos
542 2356 828 2420 pubemqueSabellum

94 2449 284 2508 adsuetumque
296 2448 366 2494 malo
380 2447 502 2508 Ligurem
515 2447 677 2510 Volscosque
690 2454 791 2494 verutos

94 2536 197 2593 extulit,
211 2534 388 2594 haecDecios,
400 2535 506 2594 Marios,
520 2550 681 2597 magnosque
690 2533 825 2594 Camillos,

50 2629 74 2673 io
94 2624 234 2688 Scipiadas
248 2624 325 2671 duros
339 2624 418 2683 bello,
434 2632 505 2683 otte,
521 2624 637 2672 inanime
648 2621 764 2679 Caesar,

644 2701 681 2755 *b*
