1808 2956
69 178 126 228 102
304 185 330 224 r.
347 182 468 224 vanarnr
487 182 618 223 nanonts

135 356 221 391 rursus
235 341 383 390 abundabat
395 340 488 388 fluidus
502 340 589 402 liquor
601 339 741 402 omniaque
753 340 780 388 in
793 354 819 387 se

64 437 115 480 485
135 446 195 479 ossa
207 430 354 478 minutatim
367 428 457 476 morbo
472 429 597 490 conlapsa
609 427 735 476 trahebat.

135 534 212 582 saepe
223 519 360 567 inhonore
373 518 449 566 deum
460 517 546 564 medio
558 523 629 564 stans
640 515 728 564 hostia
739 518 772 564 ad
780 531 858 574 mam,

135 609 211 656 lanea
224 607 285 655 dum
298 608 372 654 nivea
385 606 558 654 circumdatur
570 604 653 652 infula
665 604 738 664 vitta,

135 697 201 744 inter
214 695 357 744 cunctantis
371 694 464 742 cecidit
476 692 632 740 moribunda
644 693 785 741 ministros.

135 791 180 833 aut
192 784 293 846 siquam
306 783 373 832 ferro
387 787 544 830 mactaverat
555 788 616 830 ante
628 782 759 842 sacerdos,

64 879 115 922 490
134 873 194 921 inde
210 885 293 934 neque
306 870 424 933 inpositis
438 869 529 918 ardent
541 870 634 918 altaria
650 870 720 917 fibris
807 923 809 928 ¹

134 976 181 1010 nee
194 974 319 1023 responsa
331 966 415 1022 potest
428 958 561 1006 consultus
574 959 681 1006 reddere
693 965 764 1007 vates

134 1065 164 1098 ae
177 1050 219 1096 vix
232 1047 358 1110 suppositi
372 1046 662 1108 tinguentursanguine
679 1047 756 1095 cultri

134 1150 285 1198 summaque
298 1135 384 1182 ieiuna
397 1135 468 1182 senis
481 1134 625 1183 infuscatur
637 1135 744 1184 harena.

135 1225 195 1272 hine
208 1224 282 1272 laetis
296 1223 367 1271 vituli
381 1223 458 1284 volgo
472 1223 617 1271 moriuntur
630 1224 657 1271 in
670 1224 756 1272 herbis

63 1319 113 1362 495
134 1321 159 1362 et
172 1312 254 1360 dulcis
268 1312 367 1359 animas
380 1312 459 1374 plena
472 1312 503 1358 ad
517 1312 653 1374 praesepia
664 1313 785 1372 reddunt,

134 1401 194 1449 hinc
207 1399 314 1448 canibus
328 1399 430 1447 blandis
444 1399 528 1448 rabies
540 1401 610 1448 venit
627 1407 653 1448 et
670 1401 755 1463 quatit
771 1414 860 1462 aegros

133 1489 209 1537 tussis
223 1487 318 1536 anhela
331 1502 388 1535 sues
402 1502 432 1536 ac
445 1487 562 1535 faucibus
576 1489 648 1550 angit
661 1490 755 1537 obesis.

133 1577 228 1626 labitur
241 1575 332 1624 infelix
345 1576 488 1623 studiorum
502 1584 579 1638 atquc
592 1577 720 1625 inmemor
732 1578 827 1626 herbae

132 1667 214 1714 victor
227 1678 286 1714 eous
300 1664 434 1726 fontesque
448 1665 569 1712 avertitur
582 1672 607 1713 et
619 1667 685 1728 pede
698 1673 793 1715 terram

64 1761 113 1804 500
134 1755 223 1803 crebra
235 1753 309 1812 ferit;
330 1753 456 1800 demissae
470 1768 553 1811 aures,
569 1754 681 1802 incertus
694 1755 791 1803 ibidem

133 1843 211 1913 sudor
225 1848 250 1890 et
262 1842 307 1889 ille
322 1841 426 1902 quidem
439 1841 570 1888 morituris
584 1841 702 1903 frigidus,
719 1850 774 1890 aret

132 1931 208 1994 pellis
222 1930 291 1978 etad
306 1936 403 1977 tactum
416 1930 536 1977 tractanti
550 1931 614 1978 dura
626 1931 728 1978 resistit.

132 2019 197 2067 haec
210 2024 269 2066 ante
282 2016 390 2065 exitium
403 2016 492 2079 primis
507 2018 569 2065 dant
582 2019 657 2079 signa
670 2019 760 2067 diebus
771 2037 777 2079 3

132 2109 171 2156 sin
185 2107 212 2154 in
225 2119 347 2169 processu
361 2106 446 2168 coepit
459 2107 608 2155 crudescere
621 2107 735 2166 morbus,

62 2203 111 2246 505
132 2204 186 2244 tum
198 2207 259 2244 vero
273 2193 392 2242 ardentes
406 2194 476 2242 oculi
490 2202 567 2257 atque
581 2203 703 2243 attractus
718 2196 750 2243 ab
766 2197 819 2245 alto

131 2284 244 2347 spiritus,
259 2282 388 2331 interdum
401 2284 499 2345 gemitu
512 2283 605 2344 gravis,
622 2283 726 2345 imaque
740 2284 820 2345 longo

131 2373 178 2421 ilia
191 2372 308 2434 singultu
321 2372 437 2431 tendunt,
453 2372 474 2420 it
486 2371 591 2420 naribus
605 2378 659 2420 ater

131 2460 237 2522 sanguis
250 2466 276 2507 ct
288 2459 406 2508 obsessas
420 2461 506 2508 fauces
519 2461 613 2522 premit
624 2474 716 2522 aspera
729 2460 828 2522 lingua.

130 2548 228 2612 profuit
240 2549 337 2596 inserto
351 2548 440 2597 latices
453 2549 589 2597 infundere
602 2563 682 2596 cornu

60 2636 111 2685 510
130 2637 265 2696 Lenaeos3
286 2651 317 2684 ea
330 2636 384 2684 visa
397 2637 467 2684 salus
480 2637 648 2685 morientibus
663 2651 728 2684 una:
