<?xml version="1.0" encoding="UTF-8"?>
<!DOCTYPE html PUBLIC "-//W3C//DTD XHTML 1.0 Transitional//EN"
    "http://www.w3.org/TR/xhtml1/DTD/xhtml1-transitional.dtd">
<html xmlns="http://www.w3.org/1999/xhtml" xml:lang="en" lang="en">
 <head>
  <title>
</title>
<meta http-equiv="Content-Type" content="text/html;charset=utf-8" />
  <meta name='ocr-system' content='tesseract 3.04.00' />
  <meta name='ocr-capabilities' content='ocr_page ocr_carea ocr_par ocr_line ocrx_word'/>
</head>
<body>
  <div class='ocr_page' id='page_1' title='image "./pvergiliusmaro00virggoog/pvergiliusmaro00virggoog_0231.png"; bbox 0 0 1808 2956; ppageno 0'>
   <div class='ocr_carea' id='block_1_1' title="bbox 274 173 827 221">
    <p class='ocr_par' dir='ltr' id='par_1_1' title="bbox 274 173 827 221">
     <span class='ocr_line' id='line_1_1' title="bbox 274 173 827 221; baseline 0.004 -3"><span class='ocrx_word' id='word_1_1' title='bbox 274 180 423 220; x_wconf 77' lang='lat' dir='ltr'>nsnaroos</span> <span class='ocrx_word' id='word_1_2' title='bbox 442 181 529 219; x_wconf 79' lang='lat' dir='ltr'>monn</span> <span class='ocrx_word' id='word_1_3' title='bbox 548 182 588 221; x_wconf 86' lang='lat' dir='ltr'>rv.</span> <span class='ocrx_word' id='word_1_4' title='bbox 768 173 827 220; x_wconf 75' lang='lat'>229</span> 
     </span>
    </p>
   </div>
   <div class='ocr_carea' id='block_1_2' title="bbox 48 337 831 2439">
    <p class='ocr_par' dir='ltr' id='par_1_2' title="bbox 48 337 831 2439">
     <span class='ocr_line' id='line_1_2' title="bbox 137 337 730 400; baseline 0.003 -16"><span class='ocrx_word' id='word_1_5' title='bbox 137 337 246 384; x_wconf 86' lang='lat' dir='ltr'>Talibus</span> <span class='ocrx_word' id='word_1_6' title='bbox 260 344 376 384; x_wconf 86' lang='lat' dir='ltr'>orantem</span> <span class='ocrx_word' id='word_1_7' title='bbox 390 338 464 385; x_wconf 85' lang='lat' dir='ltr'>dictis</span> <span class='ocrx_word' id='word_1_8' title='bbox 478 353 588 400; x_wconf 86' lang='lat' dir='ltr'>arasque</span> <span class='ocrx_word' id='word_1_9' title='bbox 600 345 730 387; x_wconf 87' lang='lat' dir='ltr'>tenentem</span> 
     </span>
     <span class='ocr_line' id='line_1_3' title="bbox 48 426 762 489; baseline 0.003 -17"><span class='ocrx_word' id='word_1_10' title='bbox 48 431 81 473; x_wconf 83' lang='lat'>20</span> <span class='ocrx_word' id='word_1_11' title='bbox 102 426 184 474; x_wconf 82' lang='lat' dir='ltr'>audiit</span> <span class='ocrx_word' id='word_1_12' title='bbox 196 426 359 488; x_wconf 83' lang='lat' dir='ltr'>omnipotens</span> <span class='ocrx_word' id='word_1_13' title='bbox 373 427 514 489; x_wconf 89' lang='lat' dir='ltr'>oculosque</span> <span class='ocrx_word' id='word_1_14' title='bbox 527 427 560 474; x_wconf 90' lang='lat' dir='ltr'>ad</span> <span class='ocrx_word' id='word_1_15' title='bbox 572 428 676 475; x_wconf 85' lang='lat' dir='ltr'>moenia</span> <span class='ocrx_word' id='word_1_16' title='bbox 688 428 762 474; x_wconf 85' lang='lat' dir='ltr'>torsit</span> 
     </span>
     <span class='ocr_line' id='line_1_4' title="bbox 101 514 673 576; baseline 0 -14"><span class='ocrx_word' id='word_1_17' title='bbox 101 515 173 576; x_wconf 82' lang='lat' dir='ltr'>regia</span> <span class='ocrx_word' id='word_1_18' title='bbox 186 522 211 563; x_wconf 89' lang='lat' dir='ltr'>et</span> <span class='ocrx_word' id='word_1_19' title='bbox 223 514 317 562; x_wconf 89' lang='lat' dir='ltr'>oblitos</span> <span class='ocrx_word' id='word_1_20' title='bbox 330 514 414 562; x_wconf 87' lang='lat' dir='ltr'>famae</span> <span class='ocrx_word' id='word_1_21' title='bbox 427 516 540 563; x_wconf 89' lang='lat' dir='ltr'>melioris</span> <span class='ocrx_word' id='word_1_22' title='bbox 554 516 673 563; x_wconf 83' lang='lat' dir='ltr'>amantis.</span> 
     </span>
     <span class='ocr_line' id='line_1_5' title="bbox 101 603 783 667; baseline 0.001 -17"><span class='ocrx_word' id='word_1_23' title='bbox 101 611 156 651; x_wconf 90' lang='lat' dir='ltr'>tum</span> <span class='ocrx_word' id='word_1_24' title='bbox 169 603 206 652; x_wconf 88' lang='lat' dir='ltr'>sic</span> <span class='ocrx_word' id='word_1_25' title='bbox 218 604 376 653; x_wconf 79' lang='lat' dir='ltr'>Mercurium</span> <span class='ocrx_word' id='word_1_26' title='bbox 389 605 538 667; x_wconf 88' lang='lat' dir='ltr'>adloquitur</span> <span class='ocrx_word' id='word_1_27' title='bbox 551 620 581 653; x_wconf 81' lang='lat' dir='ltr'>ac</span> <span class='ocrx_word' id='word_1_28' title='bbox 593 605 656 651; x_wconf 86' lang='lat' dir='ltr'>talia</span> <span class='ocrx_word' id='word_1_29' title='bbox 668 605 783 651; x_wconf 84' lang='lat' dir='ltr'>mandat.</span> 
     </span>
     <span class='ocr_line' id='line_1_6' title="bbox 100 693 782 756; baseline 0.001 -17"><span class='ocrx_word' id='word_1_30' title='bbox 100 693 174 741; x_wconf 84' lang='lat' dir='ltr'>‘vade</span> <span class='ocrx_word' id='word_1_31' title='bbox 187 707 244 754; x_wconf 86' lang='lat' dir='ltr'>age,</span> <span class='ocrx_word' id='word_1_32' title='bbox 260 700 329 752; x_wconf 85' lang='lat' dir='ltr'>nate,</span> <span class='ocrx_word' id='word_1_33' title='bbox 344 709 408 741; x_wconf 85' lang='lat' dir='ltr'>voca</span> <span class='ocrx_word' id='word_1_34' title='bbox 421 694 546 756; x_wconf 83' lang='lat' dir='ltr'>zephyros</span> <span class='ocrx_word' id='word_1_35' title='bbox 560 700 585 741; x_wconf 86' lang='lat' dir='ltr'>et</span> <span class='ocrx_word' id='word_1_36' title='bbox 597 693 683 741; x_wconf 81' lang='lat' dir='ltr'>labere</span> <span class='ocrx_word' id='word_1_37' title='bbox 696 693 782 756; x_wconf 88' lang='lat' dir='ltr'>pinnis</span> 
     </span>
     <span class='ocr_line' id='line_1_7' title="bbox 100 781 831 844; baseline 0.003 -16"><span class='ocrx_word' id='word_1_38' title='bbox 100 781 315 844; x_wconf 86' lang='lat' dir='ltr'>Dardaniumque</span> <span class='ocrx_word' id='word_1_39' title='bbox 328 783 429 840; x_wconf 86' lang='lat' dir='ltr'>ducem,</span> <span class='ocrx_word' id='word_1_40' title='bbox 445 782 523 843; x_wconf 86' lang='lat' dir='ltr'>Tyria</span> <span class='ocrx_word' id='word_1_41' title='bbox 530 781 691 843; x_wconf 85' lang='lat' dir='ltr'>Karthagine</span> <span class='ocrx_word' id='word_1_42' title='bbox 705 782 748 843; x_wconf 94' lang='lat' dir='ltr'>qui</span> <span class='ocrx_word' id='word_1_43' title='bbox 761 795 831 830; x_wconf 83' lang='lat' dir='ltr'>nuno</span> 
     </span>
     <span class='ocr_line' id='line_1_8' title="bbox 48 870 709 933; baseline 0.002 -16"><span class='ocrx_word' id='word_1_44' title='bbox 48 875 80 918; x_wconf 80' lang='lat'>25</span> <span class='ocrx_word' id='word_1_45' title='bbox 101 877 220 933; x_wconf 83' lang='lat' dir='ltr'><strong>expectat</strong></span> <span class='ocrx_word' id='word_1_46' title='bbox 232 870 343 932; x_wconf 86' lang='lat' dir='ltr'>fatisque</span> <span class='ocrx_word' id='word_1_47' title='bbox 357 871 429 918; x_wconf 88' lang='lat' dir='ltr'>datas</span> <span class='ocrx_word' id='word_1_48' title='bbox 443 884 495 917; x_wconf 95' lang='lat' dir='ltr'>non</span> <span class='ocrx_word' id='word_1_49' title='bbox 509 870 613 932; x_wconf 84' lang='lat' dir='ltr'>respicit</span> <span class='ocrx_word' id='word_1_50' title='bbox 623 870 709 928; x_wconf 63' lang='lat' dir='ltr'>urbes</span> 
     </span>
     <span class='ocr_line' id='line_1_9' title="bbox 101 959 781 1021; baseline -0.001 -15"><span class='ocrx_word' id='word_1_51' title='bbox 101 959 241 1020; x_wconf 83' lang='lat' dir='ltr'>adloquere</span> <span class='ocrx_word' id='word_1_52' title='bbox 255 967 280 1007; x_wconf 90' lang='lat' dir='ltr'>et</span> <span class='ocrx_word' id='word_1_53' title='bbox 293 960 382 1008; x_wconf 87' lang='lat' dir='ltr'>celeris</span> <span class='ocrx_word' id='word_1_54' title='bbox 396 959 466 1006; x_wconf 85' lang='lat' dir='ltr'>deser</span> <span class='ocrx_word' id='word_1_55' title='bbox 479 973 538 1007; x_wconf 87' lang='lat' dir='ltr'>mea</span> <span class='ocrx_word' id='word_1_56' title='bbox 550 959 619 1006; x_wconf 88' lang='lat' dir='ltr'>dicta</span> <span class='ocrx_word' id='word_1_57' title='bbox 631 973 677 1021; x_wconf 87' lang='lat' dir='ltr'>per</span> <span class='ocrx_word' id='word_1_58' title='bbox 690 965 781 1006; x_wconf 63' lang='lat' dir='ltr'>auras:</span> 
     </span>
     <span class='ocr_line' id='line_1_10' title="bbox 100 1047 736 1110; baseline 0 -16"><span class='ocrx_word' id='word_1_59' title='bbox 100 1062 154 1094; x_wconf 90' lang='lat' dir='ltr'>non</span> <span class='ocrx_word' id='word_1_60' title='bbox 167 1048 241 1095; x_wconf 92' lang='lat' dir='ltr'>illum</span> <span class='ocrx_word' id='word_1_61' title='bbox 254 1048 329 1096; x_wconf 89' lang='lat' dir='ltr'>nobis</span> <span class='ocrx_word' id='word_1_62' title='bbox 342 1049 460 1109; x_wconf 81' lang='lat' dir='ltr'>genetrix</span> <span class='ocrx_word' id='word_1_63' title='bbox 472 1047 646 1110; x_wconf 87' lang='lat' dir='ltr'>pulcherrima</span> <span class='ocrx_word' id='word_1_64' title='bbox 658 1047 736 1095; x_wconf 88' lang='lat' dir='ltr'>talem</span> 
     </span>
     <span class='ocr_line' id='line_1_11' title="bbox 100 1135 747 1198; baseline 0.002 -16"><span class='ocrx_word' id='word_1_65' title='bbox 100 1137 219 1198; x_wconf 89' lang='lat' dir='ltr'>promisit</span> <span class='ocrx_word' id='word_1_66' title='bbox 232 1135 391 1198; x_wconf 86' lang='lat' dir='ltr'>Graiumque</span> <span class='ocrx_word' id='word_1_67' title='bbox 403 1137 463 1184; x_wconf 89' lang='lat' dir='ltr'>ideo</span> <span class='ocrx_word' id='word_1_68' title='bbox 477 1137 515 1184; x_wconf 91' lang='lat' dir='ltr'>bis</span> <span class='ocrx_word' id='word_1_69' title='bbox 529 1136 643 1184; x_wconf 89' lang='lat' dir='ltr'>vindicat</span> <span class='ocrx_word' id='word_1_70' title='bbox 655 1136 747 1195; x_wconf 84' lang='lat' dir='ltr'>armis3</span> 
     </span>
     <span class='ocr_line' id='line_1_12' title="bbox 100 1224 829 1288; baseline 0 -17"><span class='ocrx_word' id='word_1_71' title='bbox 100 1224 144 1272; x_wconf 87' lang='lat' dir='ltr'>sed</span> <span class='ocrx_word' id='word_1_72' title='bbox 159 1224 213 1272; x_wconf 85' lang='lat' dir='ltr'>fore</span> <span class='ocrx_word' id='word_1_73' title='bbox 226 1225 270 1287; x_wconf 92' lang='lat' dir='ltr'>qui</span> <span class='ocrx_word' id='word_1_74' title='bbox 283 1225 417 1285; x_wconf 85' lang='lat' dir='ltr'>gravidam</span> <span class='ocrx_word' id='word_1_75' title='bbox 429 1225 543 1288; x_wconf 90' lang='lat' dir='ltr'>imperiis</span> <span class='ocrx_word' id='word_1_76' title='bbox 551 1225 671 1287; x_wconf 81' lang='lat' dir='ltr'>belloque</span> <span class='ocrx_word' id='word_1_77' title='bbox 680 1225 829 1273; x_wconf 85' lang='lat' dir='ltr'>frementem</span> 
     </span>
     <span class='ocr_line' id='line_1_13' title="bbox 48 1313 759 1375; baseline 0 -15"><span class='ocrx_word' id='word_1_78' title='bbox 48 1318 80 1360; x_wconf 83' lang='lat'>30</span> <span class='ocrx_word' id='word_1_79' title='bbox 99 1313 202 1360; x_wconf 84' lang='lat' dir='ltr'>Italiam</span> <span class='ocrx_word' id='word_1_80' title='bbox 214 1321 323 1375; x_wconf 84' lang='lat' dir='ltr'>regeret,</span> <span class='ocrx_word' id='word_1_81' title='bbox 338 1328 419 1374; x_wconf 85' lang='lat' dir='ltr'>genus</span> <span class='ocrx_word' id='word_1_82' title='bbox 432 1314 484 1361; x_wconf 89' lang='lat' dir='ltr'>alto</span> <span class='ocrx_word' id='word_1_83' title='bbox 499 1329 514 1361; x_wconf 90' lang='lat' dir='ltr'>a</span> <span class='ocrx_word' id='word_1_84' title='bbox 527 1314 653 1375; x_wconf 88' lang='lat' dir='ltr'>sanguine</span> <span class='ocrx_word' id='word_1_85' title='bbox 666 1314 759 1361; x_wconf 84' lang='lat' dir='ltr'>Teucri</span> 
     </span>
     <span class='ocr_line' id='line_1_14' title="bbox 99 1403 743 1464; baseline 0 -16"><span class='ocrx_word' id='word_1_86' title='bbox 99 1403 227 1464; x_wconf 86' lang='lat' dir='ltr'>proderet,</span> <span class='ocrx_word' id='word_1_87' title='bbox 243 1409 367 1450; x_wconf 83' lang='lat' dir='ltr'>actutum</span> <span class='ocrx_word' id='word_1_88' title='bbox 381 1403 427 1450; x_wconf 92' lang='lat' dir='ltr'>sub</span> <span class='ocrx_word' id='word_1_89' title='bbox 441 1403 510 1463; x_wconf 85' lang='lat' dir='ltr'>leges</span> <span class='ocrx_word' id='word_1_90' title='bbox 523 1403 635 1450; x_wconf 88' lang='lat' dir='ltr'>mitteret</span> <span class='ocrx_word' id='word_1_91' title='bbox 646 1403 743 1450; x_wconf 91' lang='lat' dir='ltr'>orbem.</span> 
     </span>
     <span class='ocr_line' id='line_1_15' title="bbox 100 1491 675 1553; baseline 0.002 -16"><span class='ocrx_word' id='word_1_92' title='bbox 100 1491 120 1537; x_wconf 94' lang='lat' dir='ltr'>si</span> <span class='ocrx_word' id='word_1_93' title='bbox 135 1491 208 1538; x_wconf 86' lang='lat' dir='ltr'>nulla</span> <span class='ocrx_word' id='word_1_94' title='bbox 221 1492 339 1539; x_wconf 89' lang='lat' dir='ltr'>accendit</span> <span class='ocrx_word' id='word_1_95' title='bbox 352 1499 480 1539; x_wconf 89' lang='lat' dir='ltr'>tantarum</span> <span class='ocrx_word' id='word_1_96' title='bbox 494 1492 578 1553; x_wconf 79' lang='lat' dir='ltr'>gloria</span> <span class='ocrx_word' id='word_1_97' title='bbox 590 1506 675 1539; x_wconf 89' lang='lat' dir='ltr'>rerum</span> 
     </span>
     <span class='ocr_line' id='line_1_16' title="bbox 98 1580 708 1642; baseline -0.002 -15"><span class='ocrx_word' id='word_1_98' title='bbox 98 1594 145 1627; x_wconf 88' lang='lat' dir='ltr'>nec</span> <span class='ocrx_word' id='word_1_99' title='bbox 158 1594 235 1641; x_wconf 90' lang='lat' dir='ltr'>super</span> <span class='ocrx_word' id='word_1_100' title='bbox 247 1580 302 1642; x_wconf 88' lang='lat' dir='ltr'>ipse</span> <span class='ocrx_word' id='word_1_101' title='bbox 316 1595 362 1627; x_wconf 89' lang='lat' dir='ltr'>sua</span> <span class='ocrx_word' id='word_1_102' title='bbox 376 1581 481 1628; x_wconf 90' lang='lat' dir='ltr'>molitur</span> <span class='ocrx_word' id='word_1_103' title='bbox 494 1580 571 1627; x_wconf 85' lang='lat' dir='ltr'>lande</span> <span class='ocrx_word' id='word_1_104' title='bbox 584 1580 708 1636; x_wconf 86' lang='lat' dir='ltr'>laborem,</span> 
     </span>
     <span class='ocr_line' id='line_1_17' title="bbox 98 1667 686 1730; baseline -0.007 -14"><span class='ocrx_word' id='word_1_105' title='bbox 98 1667 248 1716; x_wconf 80' lang='lat' dir='ltr'>Ascanione</span> <span class='ocrx_word' id='word_1_106' title='bbox 261 1676 334 1730; x_wconf 88' lang='lat' dir='ltr'>pater</span> <span class='ocrx_word' id='word_1_107' title='bbox 346 1669 477 1716; x_wconf 87' lang='lat' dir='ltr'>Romanas</span> <span class='ocrx_word' id='word_1_108' title='bbox 490 1668 587 1716; x_wconf 89' lang='lat' dir='ltr'>invidet</span> <span class='ocrx_word' id='word_1_109' title='bbox 600 1667 686 1715; x_wconf 81' lang='lat' dir='ltr'>arces?</span> 
     </span>
     <span class='ocr_line' id='line_1_18' title="bbox 48 1757 830 1819; baseline -0.001 -16"><span class='ocrx_word' id='word_1_110' title='bbox 48 1761 78 1803; x_wconf 74' lang='lat'>35</span> <span class='ocrx_word' id='word_1_111' title='bbox 99 1757 160 1817; x_wconf 90' lang='lat' dir='ltr'>quid</span> <span class='ocrx_word' id='word_1_112' title='bbox 175 1757 266 1804; x_wconf 86' lang='lat' dir='ltr'>struit?</span> <span class='ocrx_word' id='word_1_113' title='bbox 286 1764 330 1803; x_wconf 88' lang='lat' dir='ltr'>aut</span> <span class='ocrx_word' id='word_1_114' title='bbox 343 1773 395 1819; x_wconf 87' lang='lat' dir='ltr'>qua</span> <span class='ocrx_word' id='word_1_115' title='bbox 408 1772 465 1819; x_wconf 79' lang='lat' dir='ltr'>spe,</span> <span class='ocrx_word' id='word_1_116' title='bbox 481 1757 587 1803; x_wconf 88' lang='lat' dir='ltr'>inimica</span> <span class='ocrx_word' id='word_1_117' title='bbox 600 1757 728 1817; x_wconf 80' lang='lat' dir='ltr'>ingente,</span> <span class='ocrx_word' id='word_1_118' title='bbox 744 1769 830 1803; x_wconf 92' lang='lat' dir='ltr'>mora-</span> 
     </span>
     <span class='ocr_line' id='line_1_19' title="bbox 400 1852 441 1892; baseline 0 0"><span class='ocrx_word' id='word_1_119' title='bbox 400 1852 441 1892; x_wconf 90' lang='lat' dir='ltr'>tur</span> 
     </span>
     <span class='ocr_line' id='line_1_20' title="bbox 97 1932 783 1995; baseline -0.001 -15"><span class='ocrx_word' id='word_1_120' title='bbox 97 1947 146 1981; x_wconf 89' lang='lat' dir='ltr'>nec</span> <span class='ocrx_word' id='word_1_121' title='bbox 158 1933 259 1995; x_wconf 90' lang='lat' dir='ltr'>prolem</span> <span class='ocrx_word' id='word_1_122' title='bbox 271 1934 417 1981; x_wconf 87' lang='lat' dir='ltr'>Ausoniam</span> <span class='ocrx_word' id='word_1_123' title='bbox 430 1941 455 1981; x_wconf 90' lang='lat' dir='ltr'>et</span> <span class='ocrx_word' id='word_1_124' title='bbox 467 1933 576 1982; x_wconf 85' lang='lat' dir='ltr'>Lavinia</span> <span class='ocrx_word' id='word_1_125' title='bbox 588 1933 692 1995; x_wconf 87' lang='lat' dir='ltr'>respicit</span> <span class='ocrx_word' id='word_1_126' title='bbox 705 1932 783 1980; x_wconf 82' lang='lat' dir='ltr'>arva?</span> 
     </span>
     <span class='ocr_line' id='line_1_21' title="bbox 96 2021 831 2082; baseline 0.001 -15"><span class='ocrx_word' id='word_1_127' title='bbox 96 2022 215 2082; x_wconf 86' lang='lat' dir='ltr'>naviget:</span> <span class='ocrx_word' id='word_1_128' title='bbox 231 2022 296 2070; x_wconf 86' lang='lat' dir='ltr'>haec</span> <span class='ocrx_word' id='word_1_129' title='bbox 309 2037 410 2070; x_wconf 85' lang='lat' dir='ltr'>summa</span> <span class='ocrx_word' id='word_1_130' title='bbox 423 2031 469 2082; x_wconf 82' lang='lat' dir='ltr'>est,</span> <span class='ocrx_word' id='word_1_131' title='bbox 485 2022 527 2070; x_wconf 86' lang='lat' dir='ltr'>hic</span> <span class='ocrx_word' id='word_1_132' title='bbox 541 2022 621 2069; x_wconf 89' lang='lat' dir='ltr'>nostri</span> <span class='ocrx_word' id='word_1_133' title='bbox 634 2022 739 2068; x_wconf 86' lang='lat' dir='ltr'>nuntius</span> <span class='ocrx_word' id='word_1_134' title='bbox 754 2021 831 2069; x_wconf 78' lang='lat' dir='ltr'>esto&#39;</span> 
     </span>
     <span class='ocr_line' id='line_1_22' title="bbox 131 2109 741 2173; baseline 0 -17"><span class='ocrx_word' id='word_1_135' title='bbox 131 2109 249 2158; x_wconf 83' lang='lat' dir='ltr'>Dixerat.</span> <span class='ocrx_word' id='word_1_136' title='bbox 277 2112 321 2159; x_wconf 95' lang='lat' dir='ltr'>ille</span> <span class='ocrx_word' id='word_1_137' title='bbox 335 2112 414 2173; x_wconf 87' lang='lat' dir='ltr'>patris</span> <span class='ocrx_word' id='word_1_138' title='bbox 428 2112 515 2173; x_wconf 87' lang='lat' dir='ltr'>magni</span> <span class='ocrx_word' id='word_1_139' title='bbox 529 2124 619 2173; x_wconf 86' lang='lat' dir='ltr'>parere</span> <span class='ocrx_word' id='word_1_140' title='bbox 632 2110 741 2172; x_wconf 84' lang='lat' dir='ltr'>parabat</span> 
     </span>
     <span class='ocr_line' id='line_1_23' title="bbox 96 2198 698 2262; baseline 0 -18"><span class='ocrx_word' id='word_1_141' title='bbox 96 2198 205 2260; x_wconf 89' lang='lat' dir='ltr'>imperio</span> <span class='ocrx_word' id='word_1_142' title='bbox 220 2207 244 2246; x_wconf 91' lang='lat' dir='ltr'>et</span> <span class='ocrx_word' id='word_1_143' title='bbox 256 2200 368 2262; x_wconf 90' lang='lat' dir='ltr'>primum</span> <span class='ocrx_word' id='word_1_144' title='bbox 382 2200 491 2262; x_wconf 89' lang='lat' dir='ltr'>pedibus</span> <span class='ocrx_word' id='word_1_145' title='bbox 505 2198 598 2247; x_wconf 85' lang='lat' dir='ltr'>talaria</span> <span class='ocrx_word' id='word_1_146' title='bbox 610 2199 698 2255; x_wconf 87' lang='lat' dir='ltr'>nectit,</span> 
     </span>
     <span class='ocr_line' id='line_1_24' title="bbox 48 2287 763 2350; baseline 0 -16"><span class='ocrx_word' id='word_1_147' title='bbox 48 2292 76 2334; x_wconf 79' lang='lat' dir='ltr'>to</span> <span class='ocrx_word' id='word_1_148' title='bbox 97 2302 184 2345; x_wconf 86' lang='lat' dir='ltr'>aurea,</span> <span class='ocrx_word' id='word_1_149' title='bbox 200 2303 267 2350; x_wconf 83' lang='lat' dir='ltr'>quae</span> <span class='ocrx_word' id='word_1_150' title='bbox 280 2288 416 2336; x_wconf 90' lang='lat' dir='ltr'>sublimem</span> <span class='ocrx_word' id='word_1_151' title='bbox 431 2287 478 2335; x_wconf 86' lang='lat' dir='ltr'>alis</span> <span class='ocrx_word' id='word_1_152' title='bbox 492 2287 544 2334; x_wconf 87' lang='lat' dir='ltr'>sive</span> <span class='ocrx_word' id='word_1_153' title='bbox 558 2301 672 2348; x_wconf 86' lang='lat' dir='ltr'>aequora</span> <span class='ocrx_word' id='word_1_154' title='bbox 685 2301 763 2349; x_wconf 85' lang='lat' dir='ltr'>supra</span> 
     </span>
     <span class='ocr_line' id='line_1_25' title="bbox 96 2375 778 2439; baseline -0.003 -17"><span class='ocrx_word' id='word_1_155' title='bbox 96 2390 141 2422; x_wconf 89' lang='lat' dir='ltr'>sou</span> <span class='ocrx_word' id='word_1_156' title='bbox 155 2382 250 2424; x_wconf 88' lang='lat' dir='ltr'>terram</span> <span class='ocrx_word' id='word_1_157' title='bbox 263 2377 355 2438; x_wconf 90' lang='lat' dir='ltr'>rapido</span> <span class='ocrx_word' id='word_1_158' title='bbox 369 2377 465 2439; x_wconf 88' lang='lat' dir='ltr'>pariter</span> <span class='ocrx_word' id='word_1_159' title='bbox 478 2390 536 2423; x_wconf 90' lang='lat' dir='ltr'>curn</span> <span class='ocrx_word' id='word_1_160' title='bbox 549 2375 653 2423; x_wconf 88' lang='lat' dir='ltr'>flamine</span> <span class='ocrx_word' id='word_1_161' title='bbox 666 2380 778 2437; x_wconf 84' lang='lat' dir='ltr'>portant.</span> 
     </span>
    </p>
   </div>
   <div class='ocr_carea' id='block_1_3' title="bbox 86 2461 861 2710">
    <p class='ocr_par' dir='ltr' id='par_1_3' title="bbox 86 2461 861 2710">
     <span class='ocr_line' id='line_1_26' title="bbox 96 2461 788 2527; baseline -0.003 -16"><span class='ocrx_word' id='word_1_162' title='bbox 96 2471 150 2511; x_wconf 88' lang='lat' dir='ltr'>tum</span> <span class='ocrx_word' id='word_1_163' title='bbox 163 2465 262 2525; x_wconf 84' lang='lat' dir='ltr'>virgam</span> <span class='ocrx_word' id='word_1_164' title='bbox 276 2465 359 2527; x_wconf 85' lang='lat' dir='ltr'>capit:</span> <span class='ocrx_word' id='word_1_165' title='bbox 381 2465 430 2513; x_wconf 91' lang='lat' dir='ltr'>hac</span> <span class='ocrx_word' id='word_1_166' title='bbox 444 2465 543 2525; x_wconf 80' lang='lat' dir='ltr'>animas</span> <span class='ocrx_word' id='word_1_167' title='bbox 557 2464 601 2511; x_wconf 91' lang='lat' dir='ltr'>ille</span> <span class='ocrx_word' id='word_1_168' title='bbox 615 2470 705 2510; x_wconf 82' lang='lat' dir='ltr'>avocat</span> <span class='ocrx_word' id='word_1_169' title='bbox 718 2461 788 2511; x_wconf 90' lang='lat' dir='ltr'>Orco</span> 
     </span>
     <span class='ocr_line' id='line_1_27' title="bbox 95 2552 705 2615; baseline -0.005 -15"><span class='ocrx_word' id='word_1_170' title='bbox 95 2553 226 2615; x_wconf 85' lang='lat' dir='ltr'>pallentis,</span> <span class='ocrx_word' id='word_1_171' title='bbox 243 2554 308 2600; x_wconf 84' lang='lat' dir='ltr'>olias</span> <span class='ocrx_word' id='word_1_172' title='bbox 321 2554 368 2601; x_wconf 91' lang='lat' dir='ltr'>sub</span> <span class='ocrx_word' id='word_1_173' title='bbox 384 2554 496 2603; x_wconf 88' lang='lat' dir='ltr'>Tartara</span> <span class='ocrx_word' id='word_1_174' title='bbox 508 2553 596 2603; x_wconf 82' lang='lat' dir='ltr'>tristia</span> <span class='ocrx_word' id='word_1_175' title='bbox 607 2552 705 2607; x_wconf 60' lang='lat' dir='ltr'>ninia„</span> 
     </span>
     <span class='ocr_line' id='line_1_28' title="bbox 86 2631 861 2710; baseline 0.006 -26"><span class='ocrx_word' id='word_1_176' title='bbox 86 2640 132 2685; x_wconf 82' lang='lat' dir='ltr'>dat</span> <span class='ocrx_word' id='word_1_177' title='bbox 141 2655 249 2688; x_wconf 88' lang='lat' dir='ltr'>somnos</span> <span class='ocrx_word' id='word_1_178' title='bbox 262 2644 424 2710; x_wconf 81' lang='lat' dir='ltr'>adimitque,</span> <span class='ocrx_word' id='word_1_179' title='bbox 441 2655 471 2698; x_wconf 89' lang='lat' dir='ltr'>et</span> <span class='ocrx_word' id='word_1_180' title='bbox 485 2646 597 2697; x_wconf 85' lang='lat' dir='ltr'>lumina</span> <span class='ocrx_word' id='word_1_181' title='bbox 607 2649 705 2693; x_wconf 76' lang='lat' dir='ltr'>morte</span> <span class='ocrx_word' id='word_1_182' title='bbox 717 2631 861 2688; x_wconf 57' lang='lat' dir='ltr'>res&#39;xssm·</span> 
     </span>
    </p>
   </div>
   <div class='ocr_carea' id='block_1_4' title="bbox 0 0 908 2956">
    <p class='ocr_par' dir='ltr' id='par_1_4' title="bbox 0 0 908 2956">
     <span class='ocr_line' id='line_1_29' title="bbox 0 0 908 2956; baseline 0 0"><span class='ocrx_word' id='word_1_183' title='bbox 0 0 908 2956; x_wconf 95' lang='lat' dir='ltr'> </span> 
     </span>
    </p>
   </div>
  </div>
 </body>
</html>
