1808 2956
68 17 132 67 3⁷8
312 37 338 76 P.
356 35 475 76 unuani
494 32 627 72 nanetus

17 177 20 184 '
66 188 121 233 660
141 187 247 250 virgatis
261 194 348 243 lucent
360 194 467 256 sagulis,
483 201 536 239 tum
550 192 635 242 lactea
649 193 719 241 eolla

141 291 205 325 auro
218 280 392 343 innectuntur,
409 285 459 332 duo
473 281 582 344 quisque
596 282 695 344 Alpina
709 288 844 330 coruscant

141 381 219 427 gaesa
233 386 321 434 manu,
336 374 415 422 scutis
428 371 536 436 protecti
550 386 661 434 corpora
675 371 772 432 longis.

141 456 184 504 hic
197 462 344 513 exultantes
357 464 435 513 salios
449 462 585 522 nudosque
599 461 719 522 lupercos

142 545 325 615 lanigerosque
338 553 423 616 apices
437 559 462 599 et
475 552 549 611 lapsa
561 548 659 596 ancilia
672 549 746 597 eaelo

68 639 121 685 665
143 639 287 700 extuderat‚
304 649 389 690 castae
403 639 530 687 ducebant
543 651 618 684 sacra
631 652 677 699 per
690 638 782 684 urbem

142 725 246 788 pilentis
260 737 354 779 matres
368 730 394 776 in
407 726 538 775 mollibus.
567 725 628 773 hine
641 726 735 788 procul
749 726 822 773 addit

142 815 280 867 Taitareas
294 819 371 866 etiam
384 817 466 873 sedes,
483 816 534 862 alta
548 814 615 860 ostia
626 813 706 872 Ditis,

142 912 168 954 et
180 907 306 954 scelerum
319 920 416 968 poenas
429 911 455 951 et
467 911 499 961 te,
516 900 639 960 Catilina,
656 903 754 951 minaei

140 994 296 1058 pendentem
308 994 416 1055 scopulo
429 993 604 1053 furiarumque
618 1006 665 1039 ora
678 998 847 1047 trementem

65 1089 119 1134 670
139 1088 305 1141 secretosque
319 1082 384 1142 pios,
400 1081 439 1127 his
454 1081 557 1128 dantem
569 1080 627 1128 iura
641 1078 783 1128 Catonem.

138 1173 205 1221 haee
218 1168 285 1214 inter
299 1168 389 1214 tumidi
404 1169 455 1216 late
467 1169 544 1217 maris
558 1169 612 1214 ibat
625 1168 725 1229 image,

137 1270 228 1311 aurea,
245 1253 290 1300 sed
303 1253 380 1301 fluctu
395 1257 550 1317 spumabant
563 1256 668 1303 caerula
683 1271 761 1313 cano,

135 1359 162 1402 et
175 1347 276 1396 circum
290 1349 398 1400 argento
412 1345 475 1393 clari
489 1344 624 1406 delphines
638 1344 666 1390 in
680 1344 775 1391 orbem

133 1445 256 1503 aequora
269 1427 405 1475 verrebant
418 1433 506 1480 caudis
521 1441 673 1493 aestumque
687 1432 825 1482 secabant.

55 1529 110 1579 675
131 1535 157 1582 in
175 1519 269 1577 medio
285 1514 373 1562 classis
388 1527 498 1579 aeratas,
514 1521 592 1568 Actia
605 1520 686 1579 bella,

129 1622 245 1673 cernere
260 1610 316 1652 erat
329 1609 466 1668 totumque
478 1609 602 1655 instructo
616 1607 702 1656 Marte
717 1609 821 1658 videres

86 1695 89 1702 '
127 1713 236 1762 fervere
251 1693 383 1742 Leucaten
397 1708 516 1760 auroque
529 1695 652 1756 effulgere
665 1697 771 1745 fluetus.

127 1803 198 1851 hine
214 1785 353 1841 Augustus
367 1792 450 1838 agens
463 1785 544 1835 Italos
558 1784 584 1829 in
599 1784 701 1845 proelia
716 1784 819 1835 Caesar

124 1898 194 1939 cum
211 1865 332 1937 patribus
345 1872 513 1936 populoque,
529 1871 666 1934 penatibus
681 1882 707 1921 et
717 1877 825 1937 magnis
840 1876 885 1930 dis,

41 1964 98 2017 680
121 1979 212 2027 stans
228 1957 299 2007 celsa
311 1951 338 1998 in
352 1959 446 2019 puppi,
462 1961 579 2025 geminas
593 1960 633 2007 eui
642 1965 888 2023 temporaflammas

115 2063 212 2117 laeta
224 2046 334 2093 vomunt
346 2045 518 2115 patriumque
531 2048 644 2111 aperitur
657 2051 756 2100 vertice
772 2054 855 2102 sidus.

108 2149 220 2220 parte
233 2131 286 2182 alia
299 2130 380 2176 Ventis
394 2141 421 2181 et
435 2139 475 2188 dis
490 2139 609 2202 Agrippa
622 2139 746 2187 secundis

103 2232 244 2293 ardues
259 2230 351 2277 agmen
365 2233 462 2285 agens,
480 2231 531 2287 cui,
546 2225 608 2272 belli
621 2223 725 2286 insigne
740 2231 891 2292 superbum,

95 2338 139 2380 χε
154 2322 269 2379 mpura
280 2307 366 2353 navali
379 2307 485 2372 fulgent
497 2319 609 2367 rostrata
622 2326 729 2361 corona.

12 2392 64 2450 ⁶85
83 2414 219 2471 hinc
232 2409 277 2459 ope
290 2390 427 2445 barbarica
440 2408 572 2471 variisque
586 2400 717 2448 Antonius
732 2407 827 2467 armis,

71 2508 124 2562 μί
145 2503 237 2548 <tor
249 2483 279 2535 ab
293 2481 415 2537 Aurorae
429 2499 541 2558 popidis
554 2501 581 2544 et
589 2489 670 2538 titane
681 2490 776 2548 iabin,
