1808 2956
241 167 410 210 onosoroon
427 170 514 209 rusus
531 170 573 210 111.
745 161 803 210 10³

75 338 139 373 mox
151 330 207 374 emt
219 323 270 374 hoe
282 325 368 388 ipsum
381 326 468 384 exitio,
484 325 608 390 furiisque
620 325 708 376 refecti

75 414 204 463 ardebunt
215 413 316 476 ipsique
330 428 390 461 suos
403 414 455 462 iam
468 420 550 462 morte
565 415 612 462 sub
627 430 705 477 negrs

74 496 114 566 (di
127 501 238 551 meliora
250 501 299 564 piis
312 517 476 565 erroremque
490 501 607 550 hostibus
620 502 695 552 illum
704 504 724 567 l)

75 591 197 640 discissos
209 590 286 638 nudis
299 590 434 639 laniabant
445 590 564 639 dentibus
577 598 655 639 ortus.

30 683 54 727 15
72 692 134 728 eone
146 685 233 727 nutem
246 679 310 726 duro
325 678 426 726 fumans
439 679 485 726 sub
498 693 600 727 vomere
613 686 701 727 taurus

74 767 190 816 concidit
202 774 227 815 et
239 767 348 814 mixtum
362 767 458 829 spumis
471 767 552 814 vomit
564 781 609 815 ors
623 782 740 816 eruorem

74 863 255 918 extremosque
269 855 319 904 ciet
330 856 450 917 gemitus.
475 855 496 902 it
509 856 586 903 tristis
601 862 695 915 arator,

73 949 233 993 maerentem
245 944 389 1006 abiungens
402 943 515 992 fraterna
527 950 609 991 morte
621 943 767 1002 iuvencum,

75 1039 154 1095 utque
167 1047 244 1095 opere
257 1033 284 1080 in
298 1033 382 1080 medio
397 1032 481 1080 defixa
493 1032 617 1094 relinquit
629 1039 723 1080 nrstru.

30 1126 54 1170 to
73 1134 129 1170 non
141 1120 247 1169 umbrae
265 1121 377 1169 ultorum
394 1134 544 1179 nemorum,
566 1135 619 1168 non
637 1121 729 1170 mollis
746 1134 805 1182 pos·

377 1217 437 1256 sunt

74 1304 150 1360 prata
161 1311 264 1346 movere
277 1297 401 1356 animum,
417 1311 470 1344 non
484 1297 528 1359 qui
542 1311 587 1359 per
600 1311 664 1345 saxu
676 1297 777 1345 volutus

75 1385 165 1448 purior
177 1386 272 1435 electro
287 1400 406 1449 campum
419 1386 483 1448 petit
496 1385 593 1444 amnis3
614 1392 641 1433 ut
652 1385 705 1432 ims

75 1473 209 1521 solvontur
232 1474 314 1522 latera
338 1481 415 1536 atque
440 1475 530 1522 oculos
549 1481 639 1536 stupor
657 1478 750 1534 urguet
766 1471 805 1519 in·

379 1569 444 1610 ertes

75 1650 108 1697 nd
122 1656 270 1712 terramque
282 1649 339 1697 fluit
352 1650 448 1697 devexo
462 1650 576 1712 pondere
590 1649 683 1697 cervix.

30 1743 54 1786 ts
77 1737 139 1800 quid
148 1737 524 1786 laborautbenefnctniuvantl
539 1736 599 1798 quid
612 1750 713 1784 vomere
725 1742 805 1784 terras

75 1825 209 1874 invertisse
221 1826 329 1886 graves?
349 1826 420 1888 atqui
433 1839 486 1872 non
498 1825 610 1872 Massica
622 1824 718 1873 Bacchi

75 1928 193 1973 munere,
209 1928 262 1961 non
275 1914 327 1962 illis
340 1915 432 1976 epulae
445 1926 555 1960 nocuere
569 1919 701 1975 repostae:

76 2001 212 2050 frondibus
225 2009 251 2050 et
262 2003 330 2050 victu
344 2008 484 2064 pascuntur
496 2001 620 2062 simplicis
634 1999 737 2057 herbae,

75 2091 173 2153 poculo
185 2097 246 2137 sunt
258 2090 341 2138 fontes
355 2090 447 2152 liquidi
461 2096 538 2153 utque
552 2087 664 2137 sxeroita
677 2101 752 2134 cursu

30 2185 55 2228 lo
75 2179 196 2236 flumina,
212 2193 260 2227 neo
271 2193 377 2226 somnos
391 2178 520 2240 abrumpit
532 2192 594 2225 eura
607 2175 731 2224 salubres.

75 2276 192 2329 tempore
206 2282 259 2314 non
272 2268 324 2315 alio
338 2268 426 2315 dieunt
439 2265 588 2328 regionibus
601 2263 654 2312 illis

76 2355 206 2418 quaesitas
219 2345 252 2403 ¹nd
266 2371 340 2404 saera
353 2355 429 2403 boves
442 2354 549 2403 Iunonis
563 2360 588 2401 et
600 2352 653 2400 uris

76 2444 211 2506 inparibus
225 2444 315 2491 ductos
329 2445 383 2491 alto
395 2443 427 2491 nd
442 2441 551 2490 donaris
563 2455 660 2488 currus.

76 2546 141 2593 ergo
154 2546 231 2592 aegre
243 2532 331 2579 rustris
344 2538 438 2579 terram
451 2531 577 2578 rimentur
590 2535 615 2577 et
626 2528 690 2590 ipsis

30 2627 55 2670 35
77 2619 209 2682 unguibus
222 2619 353 2667 infodiunt
365 2619 614 2680 frugesmontesque
627 2629 672 2678 per
684 2614 752 2662 sitos
