1808 2956
61 180 121 232 2⁷8
298 189 324 230 r.
341 187 463 230 mamm
482 186 613 228 uanours

130 349 211 397 factus
225 349 323 396 honos:
345 347 441 410 placidi
454 353 597 395 straverunt
610 360 728 408 aequora
743 347 819 406 venti,

130 438 218 486 creber
231 444 255 485 et
268 436 402 498 adspirans
415 450 502 483 rursus
515 443 590 483 vocat
603 441 690 483 auster
703 436 732 483 in
747 438 834 486 altum,

61 530 110 576 765
131 527 244 574 exoritur
257 540 383 587 procurva
396 525 487 585 ingens
501 539 547 586 per
559 524 636 571 litora
648 525 742 585 fletus;

131 615 252 677 conplexi
264 614 330 661 inter
343 627 369 661 se
383 620 536 674 noctemque
550 613 671 674 diemque
684 621 829 663 morantur.

130 704 201 765 ipsae
213 703 265 750 iam
278 709 381 760 matres,
397 702 455 763 ipsi,
472 701 564 764 quibus
579 715 670 762 aspera
684 704 821 764 quondam

130 792 184 839 visa
196 791 274 839 maris
287 790 365 838 facies
379 797 403 838 et
415 805 469 837 non
482 790 615 838 tolerabile
628 804 736 850 nomen,

130 880 167 928 ire
180 880 270 927 volunt
282 894 436 940 omnemque
450 879 525 940 fugae
539 879 651 941 perferre
664 878 794 927 laborem.

61 972 111 1018 770
132 983 196 1030 quos
210 968 292 1015 bonus
306 969 407 1015 Aeneas
422 967 495 1015 dietis
509 968 607 1014 solatur
620 968 711 1015 amieis

131 1064 156 1104 et
169 1056 362 1117 consanguineo
376 1055 516 1103 lacrimans
530 1056 696 1103 commendat
708 1057 829 1105 Acestae.

130 1145 175 1193 tris
188 1144 263 1205 Eryci
276 1145 369 1191 vitulos
383 1151 408 1191 et
421 1144 626 1206 Tempestatibus
639 1158 737 1204 agnam

132 1233 238 1280 caedere
252 1233 344 1279 deinde
357 1232 428 1280 iubet
440 1233 556 1294 solvique
570 1247 601 1279 ex
615 1233 706 1280 ordine
719 1233 818 1282 sunem.

130 1322 193 1384 ipse,
209 1328 286 1383 eaput
299 1328 388 1369 tonsae
402 1321 470 1368 foliis
484 1321 596 1368 evinctus
610 1319 702 1380 olivae,

62 1414 111 1460 775
131 1416 200 1457 stans
215 1409 304 1471 procul
318 1410 345 1456 in
358 1424 435 1471 prora
448 1415 640 1471 pateramtenet
653 1415 765 1473 extaque
779 1413 857 1459 salsos

131 1497 238 1561 porrieit
250 1497 276 1543 in
290 1497 381 1545 fluetus
395 1513 424 1545 ae
438 1498 497 1544 vina
510 1497 636 1560 liquentia
648 1496 742 1544 fundit.

130 1585 294 1649 prosequitur
307 1600 415 1647 surgens
428 1601 443 1633 a
456 1586 536 1648 puppi
549 1592 638 1633 vontus
652 1587 745 1634 euntis.

133 1675 248 1724 certatim
260 1674 323 1723 socii
337 1675 432 1722 feriunt
444 1690 514 1722 mare
528 1683 552 1722 et
564 1689 678 1735 aequora
691 1683 806 1724 verrunt.

169 1765 203 1810 At
215 1763 302 1810 Venus
315 1763 413 1810 interea
426 1763 574 1825 Neptunum
587 1763 700 1810 exercita
713 1764 783 1812 euris

62 1856 112 1902 780
132 1851 280 1913 adloquitur
293 1850 402 1912 talisque
416 1851 524 1899 effundit
537 1861 640 1912 pectore
654 1858 770 1912 questus.

128 1930 246 1988 ‘Iunonis
259 1939 342 2000 gravis
356 1939 395 1985 ira
408 1954 455 1986 nee
468 1939 627 1986 exaturabile
641 1946 729 2000 pectus

133 2035 286 2090 rogantum,
301 2026 428 2089 Neptune,
444 2043 532 2090 preces
547 2027 701 2076 descendere
715 2029 742 2075 in
757 2031 858 2087 omnis3

132 2133 210 2180 quam
223 2131 270 2164 nee
283 2117 363 2178 longa
376 2118 438 2176 dies,
455 2118 536 2180 pietas
550 2131 597 2164 nee
611 2116 713 2176 mitigat
726 2118 790 2176 ulla,

132 2221 178 2254 nee
190 2205 258 2253 Iovis
271 2205 379 2267 imperio
392 2206 503 2268 fatisque
516 2206 626 2252 infracta
639 2205 756 2266 quiescit.

63 2298 111 2344 785
132 2309 184 2342 non
197 2294 283 2341 media
296 2295 327 2342 de
340 2301 417 2356 gente
430 2295 561 2356 Phrygum
575 2294 691 2342 exedisse
705 2293 825 2344 nefandis

132 2382 221 2431 urbem
246 2383 312 2430 odiis
344 2383 405 2432 satis
436 2390 474 2430 est
507 2397 555 2430 neo
580 2397 691 2444 poenam
716 2391 790 2431 traxe
817 2399 862 2447 per

434 2485 551 2519 omnem:

131 2561 254 2623 reliquias
267 2559 370 2619 Troiae,
387 2560 483 2607 eineres
497 2566 574 2621 atque
587 2573 646 2607 ossa
658 2567 807 2621 peremptae

112 2647 275 2714 assequitur.
320 2666 416 2703 causas
430 2649 500 2701 tanti
512 2648 643 2698 scintilla
653 2645 761 2692 luroris.
