1808 2956
59 165 119 211 472
297 173 323 210 r.
340 168 462 208 rantum
483 167 622 208 uanoars

129 335 187 390 post
201 341 249 388 ego
262 326 331 374 nube
345 339 407 374 cava
419 323 584 392 miserandae
599 339 700 388 corpus
715 334 743 375 et
756 342 828 376 arma

129 415 270 477 inspoliata
282 415 363 462 feram
376 411 476 460 tumulo
489 412 647 474 patriaeque
661 407 825 478 reponam.’'

60 509 109 552 595
130 503 210 550 dixit:
232 509 259 549 at
271 503 316 550 illa
329 501 391 550 lctis
405 499 469 548 caeli
484 499 594 561 delapsa
607 515 657 562 per
671 517 754 551 auras

130 591 254 648 insonuit,
270 590 345 651 nigro
359 587 518 636 circumdata
531 586 637 636 turbine
656 605 768 653 corpus.

166 681 202 726 At
214 693 305 726 manus
319 677 417 725 interea
429 675 508 722 muris
522 674 642 722 Troiana
657 679 827 742 propinquat

131 767 283 828 Etruscique
297 767 373 813 duces
388 764 554 826 equitumque
568 744 705 813 exercitus
720 768 819 825 omnis,

133 855 260 916 conpositi
278 868 385 900 numero
403 853 430 898 in
448 858 554 896 turmas.
583 850 675 899 fremit
690 869 811 917 aequore
823 861 861 902 tot

64 949 114 992 600
134 943 260 990 insultans
274 942 376 1003 sonipes
391 948 415 988 et
427 938 520 1001 pressis
534 946 637 999 pugnat
651 941 771 990 habenis

134 1031 184 1078 huc
198 1043 334 1078 conversus
348 1035 372 1074 et
385 1028 451 1084 huc3
472 1031 526 1071 tum
540 1024 592 1072 late
606 1027 710 1074 ferreus
724 1030 811 1078 hastis

131 1119 222 1165 *horret
234 1131 296 1178 ager
308 1115 444 1177 campique
458 1112 535 1160 armis
549 1112 712 1162 sublimibus
727 1119 831 1165 ardent.

135 1219 248 1253 necnon
260 1204 394 1264 Messapus
409 1208 498 1249 contra
512 1202 662 1263 celeresque
676 1202 772 1252 Latini

137 1301 161 1342 et
174 1307 232 1339 cum
245 1292 322 1338 fratre
336 1289 417 1338 Coras
431 1295 456 1337 et
468 1289 574 1349 virginis
589 1289 633 1336 ala
648 1289 789 1342 Camillae

67 1389 117 1431 005
138 1380 236 1429 adversi
251 1394 342 1440 campo
356 1378 482 1439 adparent
495 1376 634 1439 hastasque
648 1380 771 1429 reductis

137 1469 294 1532 protendunt
307 1469 385 1528 longe
399 1466 495 1514 dextris
509 1473 534 1513 et
546 1465 649 1526 spicula
662 1467 783 1528 vibrant,

137 1559 313 1619 adventusque
325 1556 407 1602 virum
425 1554 593 1614 fremitusque
607 1555 725 1603 ardescit
739 1571 861 1620 equorum

137 1649 240 1709 iamque
254 1646 321 1692 intra
333 1645 429 1691 iactum
443 1642 486 1690 teli
500 1656 653 1704 progressus
667 1649 784 1708 uterque

139 1735 303 1784 constiterat:
324 1732 408 1780 subito
427 1737 565 1792 erumpunt
583 1731 699 1780 clamore
714 1733 859 1796 furentisqu

70 1830 120 1873 610
141 1825 310 1872 exhortantur
323 1835 411 1883 equos,
427 1821 538 1866 fundunt
551 1819 628 1866 simul
642 1821 766 1883 undique
779 1824 842 1881 tela,

140 1912 237 1969 crebra,
253 1911 318 1957 nivis
331 1910 390 1968 ritu,
406 1909 558 1969 caelumque
572 1907 704 1955 obtexitur
718 1911 826 1959 umbra.

140 2000 263 2048 continuo
277 1998 388 2046 adversis
402 1997 548 2059 Tyrrhenus
562 2004 587 2042 et
600 2010 659 2043 acer
672 1999 816 2048 Aconteus

141 2087 227 2136 conixi
240 2087 375 2134 incurrunt
387 2085 466 2133 hastis
480 2085 607 2146 primique
621 2084 726 2132 ruinam

141 2177 204 2224 dant
221 2176 304 2222 sonitu
319 2175 416 2236 ingenti
435 2173 613 2236 perfractaque
627 2173 861 2237 quadrupedantui

71 2272 120 2315 615
141 2271 245 2328 pectora
259 2263 404 2325 pectoribus
417 2267 547 2324 rumpunt.
575 2275 698 2308 exeussus
712 2263 854 2316 Aconteus

143 2353 258 2402 fulminis
272 2352 298 2399 in
312 2367 409 2399 morem
424 2359 467 2398 aut
480 2357 607 2397 tormento
621 2350 747 2411 ponderis
763 2357 817 2402 acti

141 2442 295 2507 praecipitat
308 2442 385 2501 longe
399 2448 423 2488 et
436 2440 514 2487 vitam
528 2437 652 2501 dispergit
665 2437 692 2483 in
708 2454 800 2490 auras.

143 2530 271 2594 extemplo
286 2529 402 2577 turbatae
416 2530 492 2587 acies,
511 2527 627 2588 versique
640 2525 729 2573 Latini

137 2620 251 2673 reiciunt
262 2634 368 2688 parmas
383 2626 408 2668 et
421 2632 502 2683 equos
515 2617 550 2664 ad
560 2614 794 2662 moeniarexsunt.
