1808 2956
298 180 324 218 Ρ.
342 179 464 218 VERGILI
484 179 616 219 MARONIS

127 342 318 400 pascunturque
331 336 404 398 ignes
418 336 537 384 nocturni
551 345 576 385 et
589 337 689 385 lumina
702 337 818 387 fundunt.

128 433 153 474 et
161 424 280 473 dubitant
290 425 406 474 homines
418 440 501 474 serere
513 433 591 489 atque
601 426 745 489 inpendere
756 423 849 477 euram?
884 432 893 468 ’ἑ

128 514 190 578 quid
204 513 304 561 maiora
316 515 426 577 sequar?
455 515 547 563 salices
561 514 726 579 humilesque
738 522 848 579 genestae

57 610 107 653 435
129 612 172 652 aut
185 604 246 652 illae
259 603 345 666 pecori
359 603 476 651 frondem
490 611 535 651 aut
547 604 693 666 pastoribus
708 606 822 654 umbram

128 693 259 741 sufficiunt
271 707 427 754 saepemque
440 693 501 740 satis
515 700 540 741 et
552 689 650 756 pabula
662 695 744 743 melli.

128 791 152 831 et
165 783 235 830 iuvat
247 782 389 829 undantem
403 781 472 828 buxo
486 789 602 844 spectare
616 781 743 845 Cytorum

128 871 304 933 Naryciaeque
317 870 381 932 picis
395 870 476 929 lucos,
492 872 562 918 iuvat
575 886 636 918 arva
648 871 735 921 videre

128 976 180 1008 non
194 960 291 1017 rastris,
307 959 442 1007 hominum
456 974 508 1006 non
521 959 568 1007 ulli
583 960 698 1008 obnoxia
711 976 796 1010 curae.

57 1056 108 1098 440
128 1051 199 1112 ipsae
214 1047 341 1096 Caucasio
355 1048 454 1095 steriles
467 1049 494 1095 in
507 1049 601 1096 vertice
614 1049 703 1109 silvae,

128 1154 192 1201 quas
206 1137 316 1184 animosi
330 1137 383 1184 euri
397 1137 504 1185 adsidue
517 1137 692 1201 franguntque
711 1139 848 1202 feruntque,

129 1229 191 1275 ciant
204 1227 269 1275 alios
283 1226 349 1273 aliae
363 1225 437 1282 setas,
453 1227 515 1273 dant
529 1227 591 1274 utile
605 1227 706 1288 lignum

128 1317 236 1378 navigiis
250 1316 335 1378 pinos,
351 1315 470 1361 domibus
485 1315 641 1378 cedrumque
655 1330 849 1380 cupressosque3
891 1327 893 1335 ’

128 1406 188 1453 hinc
200 1405 287 1452 radios
300 1404 391 1451 trivere
404 1404 475 1461 rotis,
492 1403 552 1452 hinc
566 1411 689 1466 tympana
702 1406 821 1468 plaustris

57 1500 107 1542 445
128 1495 266 1555 agricolae,
283 1500 308 1540 ct
320 1492 420 1555 pandas
434 1493 531 1558 ratibus
545 1507 653 1554 posuere
667 1495 778 1543 carinas.

127 1582 263 1629 viminibus
278 1581 369 1629 salices
383 1581 517 1638 fecundae,
534 1580 669 1630 frondibus
681 1584 756 1643 ulmi,

128 1679 154 1719 at
167 1678 264 1733 myrtus
278 1670 369 1718 validis
382 1670 518 1718 hastilibus
532 1679 557 1718 et
570 1670 639 1718 bona
652 1671 721 1721 bello

128 1775 230 1818 cornus,
245 1759 361 1807 Ituraeos
374 1759 427 1806 taxi
442 1766 594 1821 torquentur
607 1760 632 1807 in
647 1776 731 1809 arctus.

127 1850 259 1924 necOtiliae
272 1850 339 1897 leues
353 1857 397 1896 aut
411 1856 486 1895 torno
500 1849 576 1897 rasile
590 1849 687 1897 buxum

56 1946 107 1988 450
127 1955 179 1987 non
193 1940 303 1987 formam
315 1937 446 1999 accipiunt
459 1937 578 2000 ferroque
592 1947 717 1986 cavantur
729 1949 815 1989 acuto.

127 2044 174 2077 nec
188 2044 240 2076 non
254 2035 279 2076 et
291 2033 430 2075 torrentem
444 2027 540 2074 undam
553 2029 615 2075 levis
630 2029 730 2076 innatat
744 2031 817 2078 alnus

127 2119 205 2166 missa
217 2118 299 2166 Pado.
328 2131 374 2164 nec
387 2130 440 2162 non
454 2124 478 2163 et
491 2131 552 2178 apes
566 2118 687 2165 examina
700 2119 816 2166 condunt

127 2207 316 2269 corticibusque
330 2205 397 2254 cavis
411 2205 569 2268 vitiosaeque
581 2206 647 2254 ilicis
661 2207 743 2254 alveo.

127 2298 189 2360 quid
203 2295 400 2344 memorandum
413 2309 495 2357 aeque
501 2295 631 2342 Baccheia
644 2295 714 2342 dona
726 2291 852 2345 tulerunt?

56 2393 107 2436 455
126 2386 245 2435 Bacchus
259 2385 329 2433 etad
343 2385 447 2447 eulpam
460 2398 550 2432 causas
565 2384 649 2442 dcdit3
670 2384 714 2432 ille
728 2384 834 2434 furentis

128 2475 272 2525 Centauros
285 2475 337 2522 leto
352 2474 460 2531 domuit,
475 2473 656 2535 Rhoetumque
669 2473 833 2538 Pholumque

127 2574 152 2615 et
165 2579 260 2627 magno
274 2563 400 2626 Hylaeum
414 2562 531 2625 Lapithis
546 2570 643 2610 cratere
656 2562 807 2613 minantem.

163 2654 185 2704 Ο
199 2655 344 2702 fortunatos
358 2653 475 2710 nimium,
492 2652 572 2699 suasi
587 2651 656 2699 bona
669 2653 766 2711 norint,
