1808 2956
245 189 393 229 nnnarnos
408 191 494 229 nisan
512 193 563 230 vn.
741 187 801 234 323

28 348 53 391 to
75 350 101 390 et
111 344 196 391 varias
210 345 282 392 audit
294 360 368 393 voces
382 346 525 408 fruiturque
538 349 644 396 deorum

74 432 215 494 conloquio
234 439 311 495 atque
329 434 387 482 imis
400 435 550 483 Acheronta
569 436 671 483 adfatur
683 437 802 486 Avernis.

73 519 116 566 hic
129 527 155 567 et
169 527 221 567 tum
234 528 307 583 pater
319 521 375 584 ipse
388 530 476 584 petens
490 538 613 585 responsa
626 524 734 573 Latinus

75 615 177 656 centum
192 609 320 670 lanigeras
334 611 464 658 mactabat
477 611 524 659 rite
538 611 649 660 bidentis

74 704 152 758 atque
166 696 257 744 harum
271 697 375 745 effultus
389 706 460 760 tergo
474 700 612 762 stratisque
625 701 726 749 iacebat

28 789 52 832 ³5
75 783 226 832 velleribus:
249 785 333 833 subito
347 800 378 833 ex
393 787 445 834 alto
459 801 509 833 vox
522 788 622 836 reddita
635 789 727 836 lucost.

69 862 114 920 ‘ne
127 880 184 935 pete
197 874 304 922 conubis
317 881 404 920 natam
418 875 517 923 sociare
529 875 638 936 Latinis,

75 974 91 1007 o
104 975 163 1008 mea
174 963 320 1024 progenies,
336 962 457 1010 thalamis
471 978 521 1010 neu
535 965 609 1013 crede
621 965 733 1026 paratis:

75 1049 173 1096 externi
186 1050 292 1097 veniunt
304 1050 401 1110 generi,
421 1050 464 1112 qui
478 1051 604 1112 sanguine
618 1058 734 1098 nostrum

73 1150 168 1184 nomen
180 1137 205 1183 in
218 1144 287 1184 astra
298 1136 382 1186 ferant
393 1153 554 1202 quorumque
567 1139 598 1187 ab
612 1139 805 1202 stirpenepotes

28 1230 52 1273 >0
74 1225 162 1274 omnia
174 1225 221 1272 sub
234 1225 342 1287 pedibus
357 1242 408 1288 qna
421 1225 467 1274 Sol
481 1237 617 1290 utrumqne
630 1241 763 1274 recurrens

74 1313 167 1375 aspicit
180 1313 314 1362 Oceanum
327 1315 441 1376 vertique
454 1316 559 1377 regique
572 1306 716 1364 videbunt'

75 1402 140 1450 haec
152 1416 277 1464 responsa
289 1402 368 1464 patris
382 1403 463 1449 Fauni
477 1404 641 1465 monitusque
655 1402 740 1450 silenti

74 1496 151 1538 nocte
164 1490 238 1537 datos
251 1504 304 1537 non
318 1491 372 1552 ipse
386 1506 432 1537 suo
446 1491 538 1552 premit
551 1505 595 1538 ore
608 1490 726 1548 Latinus,

75 1578 119 1626 sed
134 1578 230 1626 circum
244 1579 295 1626 late
308 1579 418 1626 volitans
432 1577 484 1624 iam
497 1577 577 1624 Fama
590 1591 635 1638 per
648 1577 724 1626 urbes

28 1671 54 1713 )5
75 1665 206 1713 Ausonias
220 1667 321 1725 tulerat,
338 1681 396 1714 cum
409 1665 599 1712 Laomedontia
611 1665 692 1726 pubes
848 1664 864 1708 b

74 1754 209 1815 gramineo
223 1754 294 1816 ripae
308 1754 426 1814 religavit
439 1752 470 1799 ab
484 1766 578 1813 aggere
592 1752 708 1800 classem.

113 1842 215 1890 Aeneas
228 1842 356 1904 primique
369 1842 446 1889 duces
460 1846 485 1888 et
497 1840 605 1902 pulcher
617 1841 689 1887 Iulus

76 1943 187 1991 corpora
200 1929 246 1976 sub
260 1930 337 1978 ramis
352 1930 485 1992 deponunt
497 1928 595 1976 arboris
610 1929 677 1976 altae

75 2017 264 2080 instituuntque
278 2019 356 2079 dapes
370 2025 395 2065 et
408 2018 504 2065 adorea
517 2017 570 2064 liba
582 2031 628 2078 pcr
640 2015 746 2064 herbam

28 2112 55 2154 to
75 2105 206 2153 subiciunt
219 2107 301 2169 epulis
316 2107 365 2167 (sic
377 2106 492 2168 Iuppiter
504 2106 548 2153 ille
561 2103 694 2166 monebat)

76 2201 101 2242 et
115 2192 221 2241 Cereale
235 2194 319 2241 solum
331 2193 414 2256 pomis
428 2193 570 2254 agrestibus
579 2187 688 2254 'augent

77 2282 237 2344 consumptis
250 2281 292 2329 hic
306 2282 371 2329 forte
384 2282 450 2340 aliis,
466 2289 495 2328 ut
506 2288 602 2329 vertere
615 2294 716 2327 morsus

76 2371 198 2432 exiguam
211 2370 237 2416 in
252 2368 371 2416 Cercrem
384 2369 493 2432 penuria
506 2368 592 2429 adegit
605 2368 698 2416 edendi

77 2464 103 2506 et
114 2458 211 2505 violare
223 2472 302 2505 manu
315 2458 442 2519 malisque
456 2456 596 2504 audacibus
610 2456 698 2504 orbem

28 2550 56 2594 15
77 2545 163 2594 fatalis
177 2545 255 2593 crusti
268 2546 362 2607 patulis
376 2560 423 2593 nec
437 2558 543 2608 parcere
555 2544 677 2608 quadris„

73 2623 151 2690 ‘bena
169 2633 245 2681 etiarn
259 2649 364 2684 mensas
379 2626 591 2686 consumimus?
615 2623 823 2692 'inquantum

616 2704 685 2760 ‘LV‘
