1808 2956
254 191 402 230 Annnrnos
421 191 507 229 arnna
524 192 552 229 v.
740 182 799 230 251

30 352 54 395 55
76 347 179 395 Aurora
192 348 312 395 extulerit
323 347 454 409 radiisque
467 349 588 396 retexerit
600 349 696 407 orbem,

75 436 158 498 prima
171 436 238 484 citae
249 435 355 484 Teucris
368 450 466 497 ponam
479 437 619 484 certamina
633 437 738 495 classis3

76 524 172 586 quique
185 524 279 585 pedum
293 538 369 571 cursu
381 524 449 571 valet
462 525 544 586 etqui
557 524 652 571 viribus
665 526 752 572 audax

76 619 121 659 aut
132 612 217 659 iaculo
230 605 328 660 incedit
340 612 431 660 melior
443 612 592 674 levibusque
605 613 713 672 sagittis,

76 714 121 748 seu
134 701 214 748 crudo
228 701 284 747 fidit
295 714 410 762 pugnam
423 701 581 748 committere
595 708 690 757 caestu,

30 794 56 837 to
77 788 162 837 cuncti
183 789 268 836 adsint
287 789 444 850 meritaeque
464 796 600 851 expectent
617 789 733 850 praemia
749 789 804 851 pal·

377 891 443 924 mae.

76 979 120 1013 ore
134 964 216 1013 favete
229 979 318 1012 ornnes
333 972 357 1012 et
370 966 465 1026 cingite
478 973 594 1028 tempora
607 959 703 1014 ramis?

112 1051 155 1101 Sic
168 1053 235 1101 fatus
247 1054 316 1101 velat
328 1060 444 1102 materna
458 1061 574 1117 tempora
586 1061 678 1116 myrto.

75 1141 126 1189 hoc
140 1141 261 1204 Helymus
275 1142 345 1200 sacit,
362 1142 410 1191 hoc
423 1143 479 1190 aevi
492 1149 606 1191 maturus
621 1144 735 1202 Acestes,

76 1229 126 1278 hec
139 1245 203 1292 puer
214 1231 352 1289 Ascanius,
368 1232 483 1293 sequitur
496 1246 560 1294 quos
574 1239 658 1280 cetera
670 1232 760 1294 pubes.

30 1323 56 1368 {5
76 1318 120 1366 ille
134 1333 147 1366 e
160 1319 270 1366 concilio
284 1320 370 1367 multis
385 1335 443 1367 cum
456 1320 560 1368 milibus
573 1321 628 1369 ibat

76 1407 109 1455 ad
122 1407 258 1465 tumulum,
274 1422 369 1469 magna
383 1409 483 1456 medius
496 1409 637 1457 comitante
649 1417 758 1458 caterva.

77 1495 119 1543 hic
132 1497 183 1543 duo
197 1497 244 1544 ritc
257 1511 327 1544 mero
341 1496 424 1544 libans
439 1497 569 1546 carchesia
582 1497 687 1545 Baccho
715 1477 726 1488 ⁴

76 1584 161 1631 fundit
174 1584 257 1642 humi,
274 1586 325 1632 duo
340 1586 406 1632 lacte
419 1599 499 1642 novo,
516 1586 567 1632 duo
580 1585 706 1645 sanguine
720 1599 802 1643 sacre,

76 1687 270 1735 purpureosque
282 1653 344 1722 iacit
355 1673 429 1721 flores
444 1688 474 1721 ac
488 1673 551 1721 talia
563 1672 638 1719 fatur.

30 1766 57 1809 30
74 1751 163 1818 ‘salve
179 1768 266 1809 sancte
279 1776 381 1823 parcns,
397 1762 506 1819 iterum;
527 1761 630 1818 salvete,
647 1761 741 1823 recepti

77 1850 235 1912 nequiquam
259 1850 371 1908 cineres,
399 1850 553 1911 animaeque
577 1848 735 1910 umbraeque
760 1864 806 1911 pa-

380 1944 477 1986 ternae.

77 2040 130 2073 non
143 2026 216 2074 licuit
227 2025 286 2074 finis
298 2026 378 2074 italos
392 2026 534 2088 fataliaque
547 2041 607 2074 arva

77 2129 125 2163 nec
144 2121 228 2162 tecum
247 2114 408 2171 Ausonium,
434 2114 589 2176 quicumque
608 2121 807 2182 estnquuerere

379 2201 524 2262 Thybrim.³

78 2291 180 2338 dixerat
192 2290 264 2349 haec,
281 2290 363 2352 adytis
377 2305 435 2337 cum
448 2289 562 2337 lubricus
575 2289 667 2349 anguis
681 2288 713 2337 ab
727 2289 785 2336 imis

30 2383 58 2426 35
78 2388 175 2440 septem
188 2379 279 2440 ingens
293 2393 376 2440 gyros,
393 2384 498 2440 septena
511 2377 642 2426 volumina
655 2377 741 2434 traxit,

78 2468 212 2529 amplexus
226 2467 328 2530 placide
341 2468 468 2514 tumulum
481 2466 621 2528 lapsusque
634 2479 679 2527 per
692 2479 759 2522 aras,

79 2556 212 2604 caeruleae
226 2555 266 2603 cui
280 2562 353 2618 terga
366 2561 445 2604 notae
456 2555 613 2604 macutesus
625 2559 654 2599 et
664 2564 733 2597 aare

70 2656 207 2702 squamam
220 2645 387 2697 incendebat
400 2646 504 2711 fulget,
521 2659 575 2694 ceu
584 2638 715 2689 nubam
724 2636 812 2677 effi*
