1808 2956
68 178 128 224 452
311 183 337 222 P.
354 181 475 221 vanem
491 180 624 220 MARONIS

137 341 180 389 hic
193 341 311 388 iuvenem
324 339 418 400 agresti
431 337 567 385 sublimem
580 338 705 384 stramine
723 348 838 400 ponunt,

139 429 241 492 qualem
255 428 370 489 virgineo
384 428 528 475 demessum
541 425 638 487 pollice
651 425 747 473 florem

138 533 183 566 seu
196 517 282 565 mollis
297 516 380 563 violae
394 530 439 563 seu
452 514 598 574 languentis
616 513 764 576 hyacinthi,

86 611 119 656 to
139 608 179 656 cui
200 619 283 668 neque
302 604 388 665 fulgor
407 603 492 651 adhuc
515 616 563 650 nec
583 602 644 649 dum
663 617 711 650 sua
731 604 821 654 forma
840 620 873 654 re·

440 691 531 749 cessit3

139 799 192 831 non
206 783 257 830 iam
270 789 352 829 mater
365 781 411 828 alit
424 781 499 828 tellus
512 779 624 840 virisque
637 779 782 829 ministrat.
807 776 809 780 ’

139 879 193 919 tum
205 871 320 933 geminas
333 876 415 918 vestes
429 882 544 929 auroque
558 874 681 928 ostroque
693 868 808 929 rigentis

140 961 232 1008 extulit
244 960 355 1016 Aeneas,
372 972 435 1019 quas
449 957 486 1005 illi
500 957 569 1004 laeta
582 954 703 1003 laborum
720 1000 722 1004 .

139 1049 196 1111 ipsa
210 1048 262 1095 suis
276 1047 408 1109 quondam
421 1043 540 1093 manibus
554 1042 663 1091 Sidonia
675 1043 750 1092 Dido

88 1142 120 1186 75
140 1137 235 1184 lecerat
248 1142 273 1183 et
285 1135 356 1182 tenui
370 1135 434 1181 telas
448 1134 603 1180 discreverat
616 1146 689 1179 auro.

140 1225 232 1272 harum
245 1237 323 1270 unam
336 1223 421 1269 iuveni
435 1235 583 1284 supremum
596 1227 710 1268 maestus
724 1221 856 1273 honorem

141 1312 226 1359 induit
238 1325 391 1373 arsurasque
405 1325 491 1358 comas
505 1308 614 1356 obnubit
626 1309 732 1369 amictu,

141 1400 274 1461 multaque
287 1406 420 1462 praeterea
433 1398 569 1446 Laurentis
582 1398 699 1460 praemia
712 1414 821 1462 pugnae

142 1495 248 1550 aggerat
261 1494 286 1535 et
299 1488 379 1549 longo
392 1487 516 1550 praedam
528 1486 600 1534 iubet
612 1486 704 1534 ordine
718 1488 792 1537 duci.

88 1582 121 1625 80
141 1577 213 1626 addit
226 1590 306 1638 equos
320 1582 345 1624 et
358 1577 409 1624 tela
423 1574 516 1637 quibus
530 1574 687 1637 spoliaverat
700 1575 815 1626 hostem.

141 1667 258 1714 vinxerat
275 1672 300 1713 et
318 1669 377 1727 post
395 1671 466 1724 terga
485 1677 589 1722 manns,
612 1677 676 1725 quos
693 1665 811 1716 mitteret
823 1681 874 1714 am·
900 1674 902 1685 ·

443 1750 494 1798 bris

142 1842 256 1899 inferias,
273 1856 348 1889 caeso
362 1855 496 1903 sparsurus
510 1841 636 1901 sanguine
648 1841 795 1901 flammam,

142 1931 298 1992 indutosque
310 1929 382 1978 iubet
394 1937 497 1977 truncos
511 1929 647 1976 hostilibus
660 1931 739 1978 armis

142 2020 212 2080 ipsos
226 2018 291 2066 ferre
305 2019 381 2066 duces
394 2017 551 2079 inimicaque
564 2017 672 2065 nomina
684 2018 739 2079 figi.

89 2112 121 2154 85
143 2107 244 2154 ducitur
256 2106 347 2154 infelix
360 2121 423 2155 aevo
437 2106 567 2154 consectus
580 2107 700 2163 Acoetes,

142 2203 248 2255 pectora
262 2210 330 2243 nunc
343 2195 450 2243 foedans
463 2195 566 2257 pugnis,
590 2209 658 2242 nunc
671 2195 808 2255 unguibus
822 2213 873 2255 ora,

142 2284 262 2332 sternitur
275 2292 300 2331 et
312 2290 367 2332 toto
380 2284 509 2346 proiectus
523 2296 630 2344 corpore
643 2290 733 2331 terrae.

142 2373 240 2420 ducunt
253 2382 278 2420 et
290 2372 386 2420 Rutulo
399 2372 517 2434 perfusos
530 2371 657 2432 sanguine
670 2385 771 2420 currus.

142 2467 200 2522 post
212 2459 323 2508 bellator
335 2475 394 2508 ecus
407 2461 499 2522 positis
512 2458 657 2521 insignibus
669 2459 788 2520 Aethon,

90 2551 123 2595 90
142 2548 163 2595 it
174 2548 313 2597 lacrimans
326 2549 457 2610 guttisque
471 2555 583 2596 umectat
595 2548 738 2608 grandibus
751 2564 810 2600 ora.

131 2639 240 2693 hastam
254 2640 299 2692 alii
314 2640 475 2706 galeamque
487 2636 591 2685 lerunt:
608 2650 674 2680 nam
684 2639 879 2687 cetesa'huruus

45 2732 130 2776 Ι...
