1808 2956
272 204 420 244 Annalnos
438 205 525 242 LIBER
542 206 584 243 lx.
765 197 798 241 41
813 197 823 241 l

98 377 157 410 cum
169 361 246 423 galea
259 361 337 421 longe
350 361 430 408 iacuit
443 368 529 423 caput.
556 361 617 408 inde
630 360 742 408 ferarum

97 457 252 496 vastatorem
264 450 400 510 Amycum,
417 463 469 511 quo
483 463 536 496 non
550 448 651 496 felicior
664 449 729 496 alter

48 545 78 588 70
99 552 213 599 unguere
227 538 279 585 tela
292 552 370 584 manu
383 538 531 599 semumque
545 552 645 585 armare
658 552 767 602 veneno,

98 634 123 674 et
136 624 250 688 Clytium
263 626 391 674 Aeoliden
405 633 430 672 et
443 625 555 673 amicum
569 624 680 673 Crethea
692 627 780 682 musis,

99 713 210 763 Crethea
222 729 354 762 musarum
368 714 497 770 comitem,
514 715 554 762 eui
569 713 685 761 earmina
698 728 799 776 semper

99 811 124 851 et
137 804 250 851 citharae
264 803 336 850 cordi
350 816 522 864 numerosque
535 802 668 849 intendere
681 803 773 860 nervis,

97 907 198 954 semper
215 907 296 954 equos
315 899 393 954 atque
406 905 479 937 arma
491 890 573 936 virum
587 905 739 953 pugnasque
753 906 826 940 cane·

401 978 454 1026 bat.

48 1074 79 1118 75
135 1067 252 1114 Tandem
266 1069 384 1116 ductores
399 1068 487 1116 audita
501 1069 579 1116 caede
592 1082 698 1115 suorum

101 1156 256 1203 conveniunt
268 1156 370 1214 Teucri,
386 1156 534 1204 Mnestheus
547 1171 658 1218 acerque
671 1154 797 1215 Serestus,

100 1245 263 1307 palantisque
276 1245 363 1293 vident
375 1244 460 1292 socios
474 1244 626 1307 hostemque
638 1254 777 1307 receptum.

100 1340 125 1382 et
142 1332 290 1381 Mnestheus
309 1333 370 1394 ‘quo
390 1333 483 1381 deinde
502 1333 605 1395 fugam,
627 1349 679 1396 quo
698 1324 832 1382 tenditisl'

400 1422 497 1483 inquit:

94 1500 173 1573 ‘quos
187 1510 252 1557 alios
265 1524 363 1567 muros,
379 1524 445 1570 quae
458 1510 510 1556 iam
524 1510 592 1558 ultra
599 1510 702 1558 moenia
711 1510 829 1558 habetis?

48 1605 80 1648 80
100 1613 166 1645 unus
179 1599 258 1644 homo
272 1603 297 1644 et
310 1598 407 1655 vestris,
423 1611 439 1643 ο
452 1597 529 1654 cives,
544 1598 659 1659 undique
673 1607 776 1661 saeptus

100 1685 238 1746 aggeribus
251 1690 335 1731 tantas
349 1692 447 1744 strages
460 1684 557 1745 inpune
571 1699 617 1747 per
629 1685 719 1734 urbem

101 1772 227 1820 ediderit?
246 1771 367 1819 iuvenum
380 1771 477 1833 primos
490 1778 529 1818 tot
541 1772 639 1820 miserit
652 1772 739 1821 Orco?

100 1876 153 1909 non
166 1860 277 1908 infelicis
290 1860 389 1922 patriae
402 1867 568 1921 veterumque
581 1861 689 1908 deorum

101 1957 126 1998 et
138 1950 226 2010 magni
240 1950 354 2006 Aeneae,
371 1962 471 2009 segnes,
487 1948 642 2010 miseretque
656 1941 815 2012 pudetque?

48 2045 80 2088 85
99 2039 194 2086 talibus
208 2037 309 2085 accensi
324 2037 458 2084 firmantur
470 2044 495 2085 et
508 2037 611 2098 agmine
625 2038 705 2085 denso

101 2128 252 2175 consistunt.
280 2126 383 2173 'l'urnus
397 2126 534 2188 paullatim
548 2127 671 2175 excedere
684 2141 773 2189 pugna

101 2223 126 2264 et
138 2216 242 2262 fluvium
255 2223 342 2277 petere
356 2229 385 2261 ac
399 2223 497 2277 partem
511 2229 578 2278 quae
591 2215 703 2277 cingitur
715 2215 793 2262 unda.

100 2305 183 2352 acrius
197 2303 247 2352 hoc
260 2304 353 2351 Teucri
368 2304 481 2351 clamere
494 2303 644 2352 incumbere
657 2318 753 2365 magno

101 2400 126 2441 et
137 2393 282 2454 glomerare
296 2406 410 2450 manum,
427 2407 473 2440 ceu
486 2406 590 2439 saevom
603 2392 679 2438 turba
691 2392 795 2438 leonem

48 2487 81 2529 90
101 2496 159 2528 cum
173 2481 230 2527 telis
244 2481 336 2542 premit
349 2480 465 2538 infensis,
481 2480 622 2528 atterritus
635 2480 689 2536 ille,

101 2583 183 2630 asper,
200 2569 293 2617 acerba
306 2578 390 2627 tuens,
406 2579 473 2617 retro
486 2569 554 2617 redit
566 2575 592 2616 et
603 2582 692 2628 neque
701 2574 786 2622 texaga

96 2658 134 2703 ira
148 2658 210 2704 clare
222 2666 269 2704 aut
281 2659 361 2707 virtus
376 2660 477 2724 patitur
490 2675 544 2709 nee
556 2656 674 2707 tendere
686 2655 792 2698 eontra
