1808 2956
300 194 448 234 Aunnlnos
467 196 555 235 LIBER
571 197 614 235 111.
793 187 855 234 217

128 351 247 400 dentibus
265 351 413 400 infrendens
431 352 542 413 gemitu,
564 352 733 414 graditurque
751 367 797 415 per
815 367 861 401 ae-

430 454 496 502 quor

55 535 107 578 665
127 529 180 577 iam
192 528 319 587 medium,
334 529 445 576 necdum
457 529 548 577 fluctus
562 529 644 578 latera
657 529 738 576 ardua
751 528 838 577 tinxit

127 632 174 665 nos
188 617 279 680 procul
292 617 353 664 inde
365 616 454 678 fugam
467 617 560 679 trepidi
574 618 696 676 celerare,
711 624 815 680 recepto

128 706 245 768 supplice
257 705 295 753 sic
307 705 408 763 merito,
424 706 547 768 tacitique
560 706 674 754 incidere
687 705 791 764 funem3

128 794 250 842 verrimus
265 801 290 841 et
302 793 378 856 proni
392 794 548 842 certantibus
562 808 677 856 aequora
689 793 774 842 remis.

127 883 207 930 sensit
220 882 290 931 etad
304 882 418 929 sonitum
430 883 499 931 vocis
512 883 621 944 vestigia
633 882 715 930 torsit.

55 977 107 1021 670
127 986 215 1020 verum
228 971 272 1018 ubi
286 971 361 1018 nulla
374 971 449 1018 datur
463 971 553 1019 dextra
566 970 695 1019 adfectare
709 976 823 1033 potestas

127 1075 175 1108 nec
188 1060 255 1122 potis
268 1059 357 1107 Ionios
371 1059 461 1108 fluctus
475 1074 587 1122 aequare
600 1059 742 1122 sequendo,
802 1064 805 1069 '

127 1149 268 1197 clamorem
280 1149 427 1196 inmensum
439 1149 516 1208 tollit,
533 1164 585 1211 quo
599 1158 693 1212 pontus
707 1156 732 1197 et
744 1163 838 1197 omnes

127 1245 303 1286 contremuere
316 1237 401 1285 undae
414 1238 567 1300 penitusque
581 1238 702 1286 exterrita
715 1237 791 1285 tellus

126 1326 218 1374 Italiae
231 1326 365 1387 currisque
378 1325 499 1388 inmugiit
511 1326 597 1375 Aetna
610 1326 735 1374 cavernis.

56 1419 107 1464 675
128 1422 155 1462 at
166 1429 247 1476 genus
261 1429 275 1462 e
288 1415 356 1462 silvis
371 1412 515 1477 Cyclopum
528 1422 553 1462 et
565 1414 696 1462 montibus
711 1415 769 1462 altis

127 1503 239 1550 excitum
252 1504 303 1550 ruit
316 1504 348 1550 ad
362 1509 450 1565 portus
463 1511 489 1550 et
501 1502 578 1550 litora
591 1503 722 1566 conplent.

127 1591 255 1638 cernimus
268 1591 393 1639 adstantis
406 1591 565 1653 nequiquam
578 1591 676 1639 lumine
690 1598 763 1639 torvo

127 1681 257 1728 Aetnaeos
270 1679 369 1738 fratres,
385 1680 457 1728 caelo
471 1679 557 1742 capita
570 1679 622 1726 alta
635 1678 748 1736 ferentis,

127 1768 268 1816 concilium
281 1768 455 1826 horrendnm3
476 1767 565 1829 quales
579 1781 637 1815 cum
651 1765 744 1812 vertice
758 1765 830 1814 celso

55 1861 106 1904 680
127 1856 212 1904 aeriae
226 1871 334 1919 quercus
348 1864 392 1903 aut
406 1855 536 1904 coniferae
549 1854 668 1917 cyparissi

127 1945 304 2004 constiterunt,
320 1945 386 1993 silva
399 1945 452 1992 alta
463 1943 532 1991 Iovis
545 1944 648 1991 lucusve
661 1943 772 1993 Dianae.

126 2033 280 2096 praecipites
293 2041 374 2080 metus
389 2047 448 2081 acer
460 2033 515 2094 agit
528 2047 692 2096 quocumque
705 2033 821 2082 rudentis

126 2129 247 2170 excutere
260 2129 285 2170 et
297 2122 378 2169 ventis
392 2121 525 2170 intendere
538 2122 595 2169 vela
608 2121 736 2170 secundis.

126 2216 217 2258 contra
230 2210 299 2257 iussa
312 2217 419 2257 monent
431 2209 540 2269 Heleni,
562 2208 677 2272 Scyllam
697 2217 775 2272 atque
789 2208 859 2258 Cha·

428 2297 528 2360 rybdlm

55 2391 106 2434 685
127 2387 203 2445 inter,
218 2393 354 2448 utramque
365 2386 433 2434 viam
446 2387 490 2434 leti
504 2387 652 2435 discrimine
665 2400 753 2449 parvo,
832 2437 834 2442 ,

127 2476 153 2522 ni
167 2483 272 2524 teneant
285 2489 382 2522 cursus.
411 2482 508 2525 certum
522 2483 560 2523 est
573 2476 635 2523 dare
648 2475 732 2522 lintea
740 2480 827 2520 retro„

127 2578 186 2613 ecce
198 2572 283 2612 autem
296 2563 397 2615 Boreas
411 2573 529 2631 angusta
542 2565 575 2614 alt
589 2558 768 2613 senecensi

113 2653 209 2701 missus
223 2655 308 2705 adest.
339 2657 403 2709 vivo
416 2657 623 2726 praeteruelror
640 2650 718 2700 ostia
728 2649 806 2690 earm
