1808 2956
57 180 116 227 276
294 187 320 226 Ρ.
337 186 458 226 VERGILI
477 184 609 224 MARONIS

125 345 195 392 hunc
208 359 271 406 cupe
285 343 399 391 consiliis
418 342 518 390 socium
531 348 556 389 et
569 341 701 403 coniunge
716 343 850 400 volentem,

124 434 185 481 huic
198 434 270 482 trude
284 432 384 479 amissis
397 438 519 493 superant
532 431 575 492 qui
589 430 699 478 navibus
714 440 742 480 et
755 447 819 494 ques

126 530 271 584 pertaesum
284 521 372 582 magni
385 520 480 582 incepti
494 533 631 580 rerumque
644 527 793 581 tuarumst3

57 615 106 659 715
127 611 318 672 longaevosque
331 623 404 656 senes
419 624 448 656 uc
462 608 541 656 fessus
556 622 669 669 aequore
683 618 782 658 matres

126 706 152 747 et
164 699 289 762 quidquid
304 706 387 745 tecum
400 697 542 744 invalidum
558 703 730 759 metuensque
744 699 854 762 periclist

128 788 212 849 delige
225 786 302 835 ethis
317 785 429 833 habeant
441 785 514 832 terris
527 785 582 832 sine
595 786 701 833 moenia
714 786 795 847 sessi;

128 876 216 924 urbem
230 873 398 937 appellabunt
410 874 533 935 permisso
548 873 652 921 nomine
666 868 814 924 Acestam.’

163 963 271 1012 Talibus
284 963 403 1010 incensus
418 962 491 1009 dictis
505 962 613 1009 senioris
628 963 706 1011 amici

59 1057 109 1102 720
129 1059 184 1100 tum
196 1067 254 1099 vere
268 1051 295 1098 in
309 1066 382 1098 curas
397 1051 511 1097 animum
525 1049 655 1096 diducitur
669 1053 766 1100 omnis.

128 1148 153 1189 et
165 1140 224 1187 Nox
237 1147 293 1187 atre
305 1140 394 1202 polum
407 1138 473 1200 bigis
486 1139 607 1186 subvectu
620 1139 741 1187 tenebat:

128 1229 182 1275 visa
195 1227 288 1275 dehinc
302 1228 373 1275 caelo
387 1228 465 1275 facies
479 1228 586 1289 delapsu
598 1229 712 1289 parentis

128 1316 259 1365 Anchisae
272 1316 356 1362 subito
369 1316 428 1362 talis
442 1316 572 1364 effundere
585 1330 668 1364 voces.

125 1396 204 1463 ‘nete
221 1405 283 1452 mihi
297 1405 347 1451 vita
361 1405 501 1467 quondam,
518 1406 579 1452 dum
592 1405 644 1452 vitu
656 1406 790 1466 manebat,

60 1498 108 1544 725
129 1509 187 1542 care
200 1494 296 1556 magis,
312 1501 384 1552 nate,
400 1494 486 1541 Iliacis
500 1492 691 1552 exercitemus,

127 1583 235 1645 imperio
248 1582 316 1630 Iovis
330 1583 380 1630 huc
393 1582 476 1640 venio,
493 1582 537 1643 qui
551 1581 676 1629 classibus
688 1583 780 1644 ignem

128 1671 227 1734 depulit
240 1678 265 1719 et
278 1672 349 1719 caelo
364 1671 468 1718 tandem
481 1670 616 1718 miseratus
629 1669 661 1716 ab
676 1671 763 1719 altost.

128 1761 242 1808 consiliis
256 1774 326 1822 pare,
343 1774 408 1821 quae
422 1774 490 1806 nunc
503 1759 677 1820 pulcherrima
689 1758 789 1808 Nautes

129 1849 173 1896 det
184 1849 287 1907 senior3
307 1849 387 1895 lectos
400 1848 513 1905 iuvenes,
529 1847 668 1894 fortissima
682 1849 771 1906 corde,

58 1940 108 1986 730
129 1937 199 1986 defer
211 1938 237 1984 in
251 1937 364 1984 ltaliam.
404 1950 466 1997 gens
481 1937 545 1983 dura
559 1943 635 1997 etque
649 1950 742 1997 aspera
755 1938 829 1986 cultu

128 2025 283 2074 debellanda
295 2024 341 2072 tibi
354 2024 431 2072 Latio
445 2032 490 2072 est.
530 2023 598 2071 Ditis
612 2031 698 2072 tamen
712 2032 774 2074 ente

127 2114 241 2162 infernus
255 2114 348 2161 accede
362 2113 452 2160 domos
467 2120 491 2160 et
503 2114 607 2160 Averna
620 2127 665 2174 per
678 2113 732 2160 altu

128 2216 280 2264 congressus
293 2210 360 2265 pete,
375 2210 448 2260 nate,
464 2216 543 2249 meos.
571 2215 623 2247 nou
636 2215 677 2248 me
690 2201 773 2264 impia
785 2218 859 2253 nam·

365 2301 369 2310 ·
429 2305 479 2352 que

127 2378 238 2428 Tartara
260 2380 356 2428 hubent
380 2378 494 2426 tristesvc
518 2368 639 2437 umbrae,
671 2379 717 2426 sed
747 2395 859 2430 amoena

428 2467 530 2528 piorum

58 2560 108 2606 7³5
128 2557 240 2605 coucilia
252 2557 419 2620 Elysiumque
433 2555 501 2603 colo.
529 2555 579 2603 huc
594 2562 665 2603 caste
677 2553 780 2618 Sibylla

112 2645 251 2708 mgrmrum
264 2648 350 2698 multo
363 2645 501 2714 pecudum
512 2652 538 2694 te
551 2643 683 2705 sunguine
695 2643 784 2688 ducet.
