1808 2956
75 174 134 220 530
312 181 337 219 P.
355 179 475 218 VERGILI
495 179 627 218 MARONIS

142 337 189 384 illo
204 352 255 398 quo
269 336 381 398 primum
394 336 540 384 dominatus
553 335 637 383 Roma
650 337 776 399 superbos

179 425 286 472 mutavit·
298 425 408 486 placidis
421 432 536 487 tempore
550 425 710 472 consulibus.

143 514 234 571 multa,
251 528 334 575 neque
346 514 480 572 inmeritis,
504 513 609 560 donavit
621 513 738 575 praemia
751 514 861 569 alumnis,

91 606 123 649 40
179 603 294 664 praemia
307 602 434 650 Messallis
448 603 562 650 maxima
575 600 728 649 Publicolis.

143 706 204 738 nam
224 690 284 754 quid
307 705 354 752 ego
374 691 484 738 inmensi
504 705 645 738 memorem
665 691 753 739 studia
771 691 819 739 ista
834 690 864 737 la·

444 778 532 826 boris?

180 867 285 914 horrida
299 868 360 930 quid
374 869 453 916 durae
466 874 583 930 tempera
595 866 723 913 militiae?

145 963 229 1003 castra
242 955 297 1002 foro
311 954 411 1014 solitos,
428 955 483 1002 urbi
497 970 656 1018 praeponere
670 964 766 1015 eastra,

181 1050 233 1090 tam
246 1044 336 1105 procul
350 1044 400 1091 hoc
413 1043 498 1102 Latio,
514 1050 567 1091 tam
580 1044 672 1106 procul
686 1044 737 1092 hac
750 1043 847 1106 patria?

91 1136 123 1179 45
143 1132 306 1180 inmoderata
318 1132 372 1194 pati
385 1131 437 1178 iarn
450 1132 547 1193 frigora
559 1132 663 1194 iamque
676 1133 795 1181 calores?

180 1227 284 1268 stertere
296 1220 336 1268 vel
350 1221 415 1268 dura
427 1234 502 1282 posse
516 1235 592 1282 super
604 1220 696 1269 silice?

144 1322 219 1369 saepe
233 1316 330 1355 trucem
343 1309 449 1356 adverso
463 1309 561 1371 perlabi
575 1309 658 1357 sidere
671 1310 799 1371 pontum?

179 1410 256 1458 saepe
269 1411 339 1444 mare
353 1397 473 1444 audendo
486 1397 596 1455 vincere,
612 1412 689 1460 saepe
703 1399 830 1446 hiemem?

143 1499 220 1546 saepe
234 1485 311 1532 etiam
325 1485 417 1532 densos
431 1485 559 1534 inmittere
573 1501 666 1548 corpus
680 1487 705 1532 iu
721 1487 817 1545 hostes,

92 1579 124 1621 50
180 1588 342 1621 communem
355 1573 417 1621 belli
431 1589 478 1622 nec
491 1574 605 1622 timuisse
619 1574 714 1622 deum?

143 1677 212 1710 nune
226 1663 320 1710 celeres
334 1662 420 1721 Afros,
436 1663 554 1724 periurae
566 1663 639 1710 milia
651 1664 746 1724 gentis,

179 1765 257 1798 arrrea
269 1765 338 1798 nunc
351 1751 433 1812 rapidi
446 1751 553 1799 flumina
566 1752 637 1798 adire
650 1752 737 1813 Tagi?

143 1854 211 1887 nunc
225 1840 302 1887 aliam
316 1854 348 1887 ex
361 1839 412 1887 alia
424 1839 547 1887 bellando
561 1854 684 1901 quaerere
697 1849 812 1902 gentem,

178 1928 278 1976 vincere
292 1935 317 1976 et
330 1926 427 1976 Oceani
441 1927 534 1975 finibus
551 1927 676 1976 ulterius?

91 2021 122 2064 55
143 2031 196 2062 uon
209 2023 326 2064 nestrum
339 2023 377 2064 est
395 2023 491 2074 tantas,
516 2031 584 2075 nen,
606 2016 724 2078 inquam,
747 2019 866 2080 attingere

444 2104 550 2164 laudes3

179 2193 241 2254 quin
255 2193 336 2240 ausim
349 2193 399 2240 hoc
412 2193 488 2241 etiam
502 2193 596 2251 dicere,
611 2193 654 2240 vix
666 2194 835 2243 hominumst.

143 2281 199 2343 ipsa
212 2281 290 2341 haee,
312 2283 369 2344 ipsu
382 2282 464 2329 ferent
481 2296 566 2329 rerum
584 2290 755 2331 monumenta
774 2298 868 2347 perer·

443 2369 510 2428 bem,

178 2457 234 2519 ipsa
247 2458 294 2505 sibi
308 2458 439 2519 egregium
452 2458 520 2506 faeta
534 2459 610 2506 decus
623 2458 740 2521 parient:

139 2562 187 2597 nos
201 2562 233 2598 ea
246 2561 315 2613 quae
327 2552 414 2596 tecum
424 2547 554 2594 finxerunt
566 2547 681 2594 carmina
694 2546 755 2606 diti,

72 2647 108 2691 60
170 2639 309 2708 Cynthius
324 2648 349 2692 et
361 2655 468 2697 niueae,
479 2634 605 2684 naccum
616 2638 644 2678 et
657 2631 758 2687 effim-
