1808 2956
94 164 151 212 108
329 175 354 213 P.
372 172 493 212 vanuum
514 174 643 213 nuncius

159 329 316 392 spiramenta
328 330 413 378 linunt
425 329 536 392 sucoque
549 337 574 378 et
586 330 691 378 floribus
705 346 764 379 oras

106 423 139 466 40
159 418 263 480 explent
276 418 465 480 collectumque
478 418 542 466 haec
555 418 612 480 ipsa
625 419 657 467 ad
671 433 781 468 munera
797 421 885 481 gluten

159 514 184 554 et
196 507 265 554 visco
279 514 304 554 et
316 506 444 568 Phrygiae
457 514 558 554 servant
571 507 627 569 pice
641 507 735 556 lentius
748 509 820 557 ldae.

159 609 236 658 saepe
249 596 326 644 etiam
340 595 447 654 effossis,
464 595 484 642 si
498 610 558 643 vera
571 603 608 643 est
621 595 699 655 fama,
716 597 822 644 latebris

159 684 205 731 sub
219 691 286 732 terra
298 683 384 732 lovere
397 684 486 742 larem,
501 684 654 747 penitusque
668 692 784 746 repertae

159 773 354 835 pumicibusque
367 773 434 820 cavis
449 787 592 834 exesaeque
606 773 704 820 arboris
719 783 803 821 antro.

106 865 139 907 45
159 867 186 908 tu
200 867 286 909 tamen
299 868 325 910 ct
337 861 385 909 levi
399 861 495 909 rimosa
508 861 604 909 cubilia
617 861 679 908 limo

158 963 244 1010 ungue
257 949 344 998 fovens
359 950 455 998 circum
469 957 494 997 et
506 965 577 998 raras
591 949 736 1012 superinice
750 950 862 998 frondes.

159 1051 208 1084 neu
221 1038 327 1100 propius
340 1039 413 1086 tectis
427 1045 515 1086 taxum
529 1038 593 1097 sine,
609 1053 672 1087 neve
685 1038 799 1086 rubentis

159 1138 203 1172 ure
217 1124 275 1173 loco
289 1141 404 1185 cancros,
421 1128 488 1175 altae
501 1142 551 1176 neu
566 1128 641 1176 crede
654 1128 754 1190 paludi,

159 1219 203 1260 aut
214 1213 258 1261 ubi
272 1215 338 1262 odor
351 1215 422 1263 caeni
436 1215 520 1276 gravis
534 1224 578 1263 aut
592 1215 634 1262 ubi
649 1230 763 1265 concava
776 1217 851 1279 pulsu

107 1306 139 1348 50
158 1316 222 1350 saxa
234 1310 328 1350 sonant
340 1304 460 1366 vocisque
475 1304 573 1352 offensa
585 1305 693 1352 resultat
704 1304 801 1367 imago.

194 1389 270 1450 Quod
288 1398 417 1453 superest,
437 1393 481 1439 ubi
499 1394 600 1455 pulsam
613 1392 723 1440 hiemem
738 1394 777 1440 sol
794 1408 885 1441 aureus

459 1481 510 1542 egit

158 1567 204 1614 sub
219 1574 298 1614 terras
312 1568 464 1630 caelumque
478 1569 574 1617 aestiva
587 1571 644 1617 luce
657 1570 771 1629 reclusit,

158 1656 219 1704 illac
232 1656 354 1704 continuo
368 1658 448 1705 saltus
461 1658 589 1719 silvasque
606 1665 745 1720 peragrant

137 1737 140 1741 ’
158 1759 351 1807 purpureosque
365 1752 464 1794 metunt
476 1747 550 1794 flores
565 1753 589 1794 et
602 1747 708 1794 flumina
721 1747 805 1796 libant

107 1837 138 1880 55
157 1848 258 1882 summa
271 1835 346 1882 leves.
378 1835 439 1882 hino
452 1835 539 1882 nescio
554 1850 605 1896 qua
618 1835 755 1884 dulcedine
769 1836 851 1884 laetae

109 1915 112 1918 ’
158 1922 308 1984 progeniem
322 1923 448 1985 nidosque
461 1922 555 1980 fovent,
571 1922 631 1971 hinc
645 1930 699 1971 arte
712 1931 829 1972 recentes

159 2011 289 2058 excudunt
302 2025 373 2059 ceras
387 2017 412 2059 et
424 2011 503 2058 mella
517 2011 618 2059 tenacia
631 2012 741 2073 lingunt.

151 2082 219 2148 *hinc
232 2098 276 2147 ubi
289 2099 341 2147 iam
354 2099 476 2147 emissum
489 2099 571 2146 caveis
586 2100 618 2147 ad
632 2100 718 2148 sidera
731 2101 797 2149 caeli

158 2201 220 2236 nare
233 2203 278 2251 per
291 2193 413 2237 aestatem
427 2187 553 2249 liquidam
566 2188 709 2250 suspexeris
723 2203 817 2250 agmen

106 2279 139 2324 60
158 2277 346 2339 obscuramque
359 2275 426 2323 trahi
439 2284 514 2324 vento
528 2277 654 2325 mirabere
668 2277 771 2336 nubem,

159 2365 360 2427 contemplator:
383 2380 463 2427 aquas
478 2365 565 2413 dulces
579 2373 604 2412 et
617 2365 726 2414 frondea
738 2381 840 2428 semper

158 2460 226 2502 tecta
238 2459 336 2516 petunt.
365 2453 415 2501 huc
429 2459 456 2501 tu
469 2454 552 2502 iussos
566 2453 691 2516 adsperge
704 2469 819 2517 sapores,

158 2542 219 2590 trita
230 2541 396 2604 melisphylla
408 2548 433 2590 et
445 2542 576 2590 cerinthae
588 2538 704 2604 ignobile
717 2557 833 2604 gramen,

158 2631 319 2693 tinnitusque
331 2630 370 2678 cie
383 2636 408 2678 et
419 2630 510 2680 Matris
524 2638 601 2696 quate
614 2631 732 2697 cymbala
745 2631 857 2680 circum:
