1808 2956
64 162 122 208 242
303 169 329 207 Ρ.
347 167 468 207 VERGILI
487 167 616 205 MARONIS

132 340 185 374 non
198 331 298 373 servata
310 324 382 382 fides,
399 324 478 372 cineri
491 323 618 386 promissa
631 317 776 384 Sychaeo?

133 421 219 462 tantos
232 413 278 461 illa
290 427 337 461 suo
352 412 488 474 rumpebat
500 419 734 472 pectorequestus.

168 503 270 551 Aeneas
285 502 354 550 celsa
366 501 393 548 in
406 500 496 563 puppi,
512 499 565 547 iarn
579 507 661 547 certus
676 502 768 561 eundi,

64 596 113 640 555
133 591 255 655 carpebat
267 603 380 647 somnos,
397 587 472 636 rebus
485 588 537 634 iarn
551 588 597 635 rite
610 589 718 650 parntis.

132 680 193 728 huic
207 694 234 728 55
247 678 330 726 forma
344 677 384 725 dei
397 677 468 724 voltu
481 677 611 724 redeuntis
625 677 717 725 codem

133 768 227 816 obtulit
239 768 266 814 in
279 766 376 814 somnis
390 780 529 827 rursusque
542 765 578 812 ita
590 766 645 812 visa
657 775 800 827 monerest‚

133 857 221 905 omnio
233 854 362 904 Mercurio
377 854 476 913 similis,
492 868 632 916 vocemque
646 855 817 920 coloremque

127 953 158 994 et
171 945 248 993 crinis
262 944 340 992 flavos
355 950 380 991 55
392 942 508 991 membra
521 942 615 990 decora
628 942 740 991 iuventa.

63 1038 113 1082 560
132 1033 201 1080 ‘nate
214 1032 271 1091 (155,
287 1038 360 1094 55555
373 1031 423 1079 hoc
436 1031 483 1078 sub
498 1046 559 1079 casu
573 1032 665 1079 ducere
679 1045 797 1092 5555555,

132 1136 180 1169 555
194 1134 260 1182 quae
273 1126 298 1168 te
312 1120 408 1188 circum
422 1126 489 1168 stent
503 1119 595 1196 ficinde
609 1120 725 1182 pericula
739 1123 835 1182 cernis,
903 1163 904 1167 ,

137 1209 250 1266 demens,
266 1223 313 1256 nec
326 1208 450 1270 zephyros
464 1208 537 1256 audis
551 1208 648 1271 spirare
661 1210 809 1259 secundos?

135 1297 182 1345 illa
196 1296 270 1343 dolos
284 1298 419 1359 dirumque
432 1297 504 1345 nefas
517 1297 545 1344 in
558 1304 661 1359 pectore
674 1303 767 1358 verset,

136 1390 206 1433 55555
218 1385 293 1444 mori,
308 1386 431 1448 varioque
444 1387 541 1434 irarum
554 1387 661 1434 fluctuat
673 1392 753 1433 aestu.

67 1478 116 1522 565
136 1488 189 1521 non
207 1473 275 1535 fugis
294 1473 355 1523 hinc
374 1489 512 1538 55555555,
541 1475 602 1522 dum
625 1474 797 1537 praecipitare
822 1493 869 1540 po-

436 1563 533 1611 testas?

135 1651 188 1699 iam
200 1666 270 1699 mare
283 1651 380 1699 turbari
394 1651 509 1700 trabibus
523 1666 664 1714 saevasque
676 1652 775 1700 videbis

137 1741 275 1788 conlucere
288 1739 366 1798 faces,
382 1740 434 1786 iam
448 1739 544 1789 fervere
558 1740 635 1786 litora
648 1740 767 1800 flammis,

136 1828 157 1876 si
170 1835 195 1876 te
207 1828 248 1876 his
261 1829 375 1890 attigerit
387 1829 459 1876 terris
473 1829 577 1877 Aurora
589 1835 742 1876 morantem.

135 1915 195 1965 heia
206 1926 262 1977 age,
272 1931 464 1979 rumpemoras.
480 1917 579 1964 varium
592 1922 617 1964 55
627 1917 752 1965 mutabile
764 1933 867 1983 semper

66 2007 127 2052 570·
136 1995 250 2052 femina?
275 2005 312 2052 sic
325 2004 393 2052 fatus
407 2005 476 2054 nocti
490 2020 517 2053 se
530 2005 662 2053 inmiscuit
674 2012 753 2053 atrae.

171 2091 239 2139 Tum
251 2107 310 2140 vero
324 2093 426 2141 Aeneas
440 2094 530 2141 subitis
545 2093 680 2141 exterritus
694 2094 792 2143 umbris

136 2180 242 2242 corripit
254 2194 267 2228 e
281 2195 372 2228 somno
386 2196 478 2244 corpus
493 2181 629 2244 sociosque
642 2181 748 2243 fatigat:

132 2258 295 2331 ‘praecipites
308 2270 421 2331 vigilate,
437 2269 493 2329 viri,
509 2276 534 2319 et
547 2271 672 2318 considite
686 2272 821 2332 transtris3

135 2356 225 2405 solvite
237 2358 295 2405 vele
308 2358 360 2406 citi.
389 2357 460 2417 deus,
476 2359 579 2407 aethere
591 2359 684 2407 missus
698 2359 729 2406 ab
744 2361 797 2408 alto

66 2447 115 2492 575
135 2443 256 2494 festinare
269 2444 358 2507 fugam
371 2452 503 2508 tortosque
516 2448 630 2496 incidere
642 2448 710 2496 funis

135 2545 194 2580 5555
206 2533 298 2581 itemm
311 2534 434 2581 stimulat.
450 2536 581 2597 sequimur
594 2543 626 2595 te,
643 2543 731 2584 sancte
742 2537 861 2598 deorum,

122 2620 244 2684 quisquis
256 2637 292 2685 es,
309 2623 478 2690 imperioque
491 2624 590 2675 iterum
601 2637 725 2688 paremus
737 2629 857 2666 orantes.
