1808 2956
261 182 430 224 Guoadrcon
448 185 534 224 LIBER
549 185 589 224 lv.
764 178 820 224 119

50 343 77 388 td
95 340 133 390 far
149 339 260 389 stabulis
276 341 411 390 inimicum
428 341 514 403 ignem
533 348 609 404 atque
627 342 740 392 interfice
758 358 824 391 mes·

398 445 447 488 sos,

95 533 140 567 ure
152 524 211 567 sata
224 525 250 566 et
261 517 374 566 validam
388 519 414 566 in
428 519 485 566 vitis
498 519 590 566 molire
603 519 744 580 bipinnem,

95 613 167 655 tanta
179 621 254 655 meae
266 607 287 654 si
300 613 324 654 te
339 615 461 670 ceperunt
473 608 559 655 taedia
571 600 674 654 laudis?

95 701 122 743 at
133 702 217 744 mater
229 695 342 743 sonitum
355 695 471 744 thalamo
484 695 530 743 sub
544 696 655 743 fluminis
669 697 714 744 alti

96 785 183 832 sensit.
212 799 270 832 eam
283 785 380 832 circum
392 784 495 833 Milesia
507 786 603 833 vellera
616 785 744 846 nymphae

50 874 78 918 35
96 873 246 936 carpebant,
261 873 330 935 hyali
345 880 431 920 saturo
446 874 533 921 fucata
545 875 641 930 colore,

95 960 246 1024 Drymoquo
259 960 417 1024 Xanthoque
430 962 562 1024 Ligeaque
575 962 794 1024 Phyllodoceque,

96 1050 237 1098 caesariem
250 1050 346 1098 effusae
358 1051 467 1097 nitidam
481 1065 526 1112 por
539 1051 650 1097 candida
663 1051 731 1098 colla

97 1137 207 1201 [Nesaee
220 1137 335 1201 Spioque
348 1139 492 1200 Thaliaque
507 1138 726 1200 Cymodoceque],

98 1224 267 1289 Cydippeque
280 1234 305 1275 et
317 1228 382 1276 llava
395 1227 527 1289 Lycorias,
543 1229 623 1275 altera
636 1228 717 1287 virgo,

49 1318 79 1361 40
97 1317 179 1362 altera
192 1322 246 1363 tum
260 1317 356 1378 primos
369 1316 485 1363 Lucinae
498 1323 603 1377 experta
616 1315 725 1372 labores,

97 1401 209 1466 Clioque
222 1411 248 1451 et
258 1404 342 1452 Beroe
355 1419 436 1462 soror,
453 1404 617 1452 Oceanitides
631 1405 730 1463 ambae,

98 1492 191 1540 ambae
205 1507 277 1550 auro,
293 1493 367 1554 pictis
380 1493 509 1540 incinctae
522 1493 632 1555 pellibus
647 1492 746 1547 ambae,

99 1587 177 1643 atque
189 1579 292 1642 Ephyre
306 1588 382 1643 atque
396 1580 460 1643 Opis
474 1589 498 1629 ct
510 1582 574 1629 Asia
586 1581 704 1643 Deiopea

98 1677 123 1717 et
137 1669 242 1717 tandem
256 1669 345 1732 positis
358 1670 435 1717 velox
447 1670 578 1718 Arethusa
590 1669 698 1731 sagittis.

48 1762 78 1805 45
98 1757 166 1805 inter
179 1772 242 1819 quas
257 1772 345 1805 curam
360 1757 482 1820 Clymene
496 1758 618 1806 narrabat
629 1759 734 1806 inanem

89 1838 210 1893 ¹Volcani
223 1846 365 1909 Martisque
379 1847 453 1893 dolos
467 1854 492 1894 et
504 1847 591 1894 dulcia
604 1846 680 1904 furta,

99 1949 166 1996 aque
180 1931 254 1981 Chao
268 1935 361 1982 densos
375 1935 461 1981 divom
474 1935 627 1982 numerabat
640 1948 748 1982 amores.

99 2023 213 2071 carmine
228 2037 278 2083 quo
293 2029 383 2083 captae
397 2023 457 2069 dum
471 2022 533 2069 susis
547 2024 638 2071 mollia
650 2037 732 2085 pensa

100 2111 246 2168 devolvunt,
261 2110 353 2157 iterum
367 2120 494 2158 maternas
509 2111 603 2173 inpulit
615 2126 688 2159 aures

48 2205 79 2248 50
99 2199 184 2247 luctus
198 2198 308 2246 Aristaei
323 2198 460 2261 vitreisque
473 2198 595 2246 sedilibus
610 2213 698 2246 omnes

100 2288 264 2351 opstipuere3
285 2287 328 2334 sed
343 2293 402 2334 anto
416 2288 480 2334 talias
494 2287 624 2334 Arethusa
636 2301 736 2334 sorores

101 2375 260 2439 prespiciens
274 2390 375 2422 sumnia
388 2376 480 2423 llavorn
495 2382 572 2437 caput
585 2375 676 2422 extulit
688 2374 760 2421 unda

101 2472 126 2514 et
139 2464 230 2527 procul
242 2463 266 2510 ‘o
280 2463 377 2524 gemitu
391 2478 443 2510 non
456 2465 550 2511 frustra
563 2463 684 2511 exterrita
697 2468 783 2518 tanto,

102 2553 202 2615 Cyrene
213 2566 293 2610 soror,
309 2552 364 2614 ipse
378 2552 433 2615 tibi,
450 2560 496 2604 tua
509 2553 632 2604 matrinia
645 2568 724 2611 cura,

48 2646 73 2685 55
92 2639 169 2685 tristis
180 2639 316 2688 Aristaeus
330 2642 414 2695 Penei
430 2648 568 2712 genitoris
585 2644 752 2697 adrandum
