1808 2956
274 195 422 235 Anuarnos
444 197 531 235 meme
547 197 588 236 rv.
768 189 829 236 245

50 358 83 400 30
138 351 210 399 Haec
223 350 267 410 ait,
284 357 308 398 et
320 351 399 414 partis
414 351 528 400 animum
540 352 658 401 versabat
670 353 697 400 in
711 353 804 412 omnis,

103 440 346 501 invisamquaerens
360 453 438 501 quam
451 440 562 501 primum
569 440 721 504 abrumpere
734 441 828 490 lucem.
844 457 850 468 ·

102 533 157 575 tum
170 526 279 575 breviter
290 526 392 575 Barcen
405 527 532 575 nutricem
545 527 633 576 adfata
645 527 769 591 Sychaei:

104 629 217 677 namque
230 629 303 663 suam
316 615 400 678 patria
413 615 521 677 antiqua
533 615 597 663 cinis
610 623 665 671 ater
677 615 798 665 habebat.

102 693 218 751 ‘Annam
232 718 291 751 cara
303 703 366 750 mihi
380 703 468 749 nutrix
480 703 531 752 huc
543 704 604 753 siste
616 719 747 752 sororem:

50 797 83 840 35
103 792 145 840 dic
158 805 251 854 corpus
263 798 384 854 properet
396 791 492 839 fluviali
506 805 627 853 spargere
640 792 745 855 lympha

103 885 128 928 et
140 879 251 942 pecudes
264 893 352 927 secum
365 885 390 927 et
402 885 544 927 monstrata
556 879 661 942 piacula
673 881 765 939 ducat;

103 968 140 1016 sic
152 967 239 1015 veniat
251 972 330 1028 tuque
343 968 400 1028 ipsa
412 966 456 1028 pia
469 973 526 1028 tege
539 973 656 1030 tempora
668 967 738 1014 vitta.

56 1102 59 1107 ⁴
102 1070 176 1104 sacra
188 1055 244 1102 Iovi
257 1053 347 1117 Stygio
361 1069 428 1116 qnae
440 1055 488 1103 rite
500 1055 604 1118 incepta
616 1056 704 1118 paravi

103 1144 225 1207 perficere
239 1150 277 1192 est
289 1143 390 1190 animus
404 1143 532 1205 finemque
545 1144 669 1206 inponere
683 1143 750 1192 curis

50 1239 83 1283 40
102 1232 281 1294 Dardaniique
293 1245 385 1292 rogum
399 1231 490 1293 eapitis
503 1213 649 1294 permittere
662 1223 790 1280 flammis’

103 1322 140 1369 sic
153 1321 196 1368 ait.
223 1320 270 1368 illa
282 1319 391 1380 gradum
405 1320 490 1367 studio
503 1321 633 1369 celerabat
646 1320 749 1368 anilem.

103 1417 130 1456 at
142 1409 242 1471 trepida
255 1416 280 1456 et
293 1408 389 1470 coeptis
402 1408 549 1456 inmanibus
563 1408 641 1457 effera
652 1408 732 1466 Dido,

102 1497 271 1558 sanguineam
283 1497 388 1544 volvens
401 1497 482 1544 aciem
496 1497 657 1559 maculisque
670 1495 801 1544 trementis

102 1585 227 1633 interfusa
240 1599 320 1646 genas
335 1591 360 1632 et
372 1585 471 1646 pallida
483 1591 565 1632 morte
578 1584 672 1642 futura,

50 1679 81 1722 45
102 1673 226 1721 interiora
238 1674 330 1721 domus
342 1673 467 1734 inrumpit
479 1672 570 1720 limina
583 1678 608 1720 et
621 1671 687 1718 altos

103 1762 253 1810 conscendit
264 1761 404 1809 furibunda
416 1775 493 1822 rogos
507 1773 646 1820 ensemque
658 1757 769 1806 recludit

101 1849 273 1909 Dardanium,
290 1865 342 1897 non
355 1850 403 1897 hos
417 1849 562 1911 quaesitum
575 1861 668 1895 munus
681 1846 708 1893 in
721 1860 793 1894 usus.

101 1938 145 1986 hio
157 1945 296 2001 postquam·
307 1937 401 1985 Iliacas
415 1943 495 1984 vestes
507 1943 650 1997 notumque
663 1935 748 1983 cubile

102 2027 236 2089 conspexit
249 2027 366 2088 paullum
380 2025 491 2072 lacrimis
505 2031 531 2072 et
543 2031 628 2072 mente
641 2031 751 2082 morata,

50 2121 81 2164 50
102 2114 270 2176 incubuitque
283 2122 340 2161 toro
354 2112 470 2174 dixitque
484 2112 623 2159 novissima
634 2111 721 2159 verba.

99 2193 319 2253 ‘dulcesexuviae
333 2202 394 2249 dum
407 2200 460 2247 fata
473 2201 587 2263 deusque
601 2199 709 2256 sinebat,

103 2291 212 2352 accipite
225 2289 293 2336 hane
307 2289 422 2336 animam
434 2303 526 2350 meque
539 2289 579 2336 his
592 2288 703 2336 exolvite
717 2288 794 2336 curis.

102 2379 153 2425 vixi
167 2386 193 2426 et
205 2393 282 2440 quem
295 2378 401 2425 dederat
413 2391 515 2424 cursum
528 2377 643 2424 Fortuna
655 2377 742 2438 peregi

103 2474 129 2515 et
141 2480 209 2526 nunc
223 2480 318 2526 magna
331 2464 381 2512 mei
395 2465 442 2512 sub
456 2472 535 2512 terras
548 2465 595 2511 ibit
607 2465 703 2524 imago.

50 2559 80 2602 55
101 2554 192 2602 urbem
205 2554 365 2615 praeclaram
378 2553 467 2614 statui,
482 2569 545 2603 mea
555 2550 751 2604 moenxes'xdx„

93 2642 147 2688 ulta
161 2643 241 2690 virum
254 2659 359 2706 poenas
372 2645 490 2697 inimico
506 2661 523 2695 a
534 2646 624 2694 iratre
635 2635 751 2698 esseut»
