1808 2956
69 169 133 220 528,
307 177 332 217 Ρ.
349 176 471 218 t'nnerm
491 176 623 218 MARONIS

136 335 184 383 sibi
199 350 253 383 esse
266 334 334 383 saeta
347 342 449 396 praeter
461 335 511 382 hoe
524 335 703 393 novissimum,

137 432 243 486 paterna
257 424 313 471 lora
326 423 523 486 proximumque
537 424 674 485 pectinem.

136 514 180 561 sed
194 514 258 560 haee
271 513 341 574 prius
356 512 440 560 luere:
463 527 532 559 nune
545 512 659 560 eburnea

85 605 116 649 25
137 603 259 664 sedetque
272 603 332 649 sede
345 616 423 662 seque
437 601 540 649 dedicat
553 601 608 659 tibi,

136 692 245 753 gemelle
260 689 352 737 Castor
366 697 391 738 et
403 690 511 751 gemelle
526 688 650 737 Castoris.

444 777 491 824 IX.

137 866 242 915 Seilieet
256 866 305 914 hoe
318 867 373 914 sine
386 867 489 925 fraude,
510 866 572 914 Vari
587 866 750 925 dulcissime,
767 867 851 914 dicam:

173 956 325 1019 dispeream,
342 955 391 1003 nisi
405 970 444 1004 me
458 955 570 1018 perdidit
582 955 630 1003 iste
644 962 731 1017 putus.

138 1045 177 1092 sin
191 1052 276 1094 antem
290 1051 426 1106 praecepta
439 1051 526 1092 vetant
538 1059 578 1091 me
592 1043 687 1102 dieere,
704 1060 767 1093 sane

173 1148 226 1180 nen
240 1134 332 1192 dicum,
349 1134 393 1181 sed
407 1148 447 1181 me
461 1133 572 1195 perdidit
584 1133 631 1180 iste
645 1147 719 1194 puer.

450 1222 483 1268 X.

136 1310 235 1359 Villnla
249 1326 316 1372 quae
329 1309 434 1372 Syronis
448 1325 504 1358 eras
518 1317 543 1357 et
555 1324 653 1371 pauper
666 1310 760 1371 agene,
884 1338 888 1365 1

173 1414 260 1446 verum
273 1399 311 1446 illi
325 1399 430 1446 domino
445 1407 472 1446 tu
486 1411 590 1460 quoque
604 1397 718 1457 divitiae,

137 1502 177 1535 me
191 1487 236 1534 tibi
251 1495 275 1534 et
288 1488 334 1535 hos
348 1502 401 1535 una
413 1503 514 1536 meeum
527 1501 591 1550 ques
605 1501 708 1549 semper
722 1487 813 1544 amavi,

172 1576 257 1639 siquid
272 1577 303 1624 de
316 1577 399 1638 putria
412 1577 507 1624 tristius
521 1576 638 1633 audiero,
885 1566 888 1593 ¹

103 1671 117 1713 5
138 1666 300 1724 commendo,
316 1665 342 1712 in
357 1665 496 1727 primisque
509 1671 616 1727 patrem.
645 1672 671 1711 tu
685 1679 757 1713 nune
771 1665 818 1713 eris
826 1661 857 1709 illi

172 1754 280 1802 Mantua
293 1755 361 1816 qued
376 1753 459 1801 suerat
472 1754 593 1816 quodque
608 1750 740 1801 Cremona
752 1754 828 1815 prius.
885 1776 891 1869 Ι

437 1843 485 1890 XI.

137 1931 224 1979 Punen
237 1931 308 1987 mihi,
326 1932 399 1978 niveo
413 1931 456 1978 sed
471 1945 522 1977 non
537 1930 670 1991 incognita
683 1930 801 1989 Phoebo,

173 2035 257 2082 pauca
269 2020 331 2066 milri
346 2021 437 2067 doctae
451 2019 527 2066 dieite
540 2018 688 2080 Pegasides.

137 2108 218 2155 vietor
232 2109 311 2166 adest,
328 2107 414 2169 magni
429 2122 552 2169 magnum
566 2107 643 2154 deeus
658 2121 718 2156 eeee
734 2105 859 2170 triumphi,
889 2094 893 2191 l

173 2197 253 2244 victer
266 2212 318 2258 qua
330 2205 412 2245 terrae
426 2211 528 2258 quaque
542 2203 630 2258 patent
642 2196 735 2254 maria,

104 2291 117 2333 5
138 2285 243 2333 horrida
256 2285 405 2333 barbaricae
419 2293 524 2347 portans
538 2284 652 2345 insignia
664 2298 780 2346 pugnae,

174 2389 282 2435 mugnus
296 2382 325 2421 ut
337 2373 449 2422 Oenides
463 2381 541 2435 utque
555 2372 680 2434 superbus
692 2372 773 2434 Eryx,

137 2478 185 2510 nee
198 2464 283 2510 minus
296 2463 393 2510 ideireo
407 2469 508 2510 nostres
523 2475 674 2524 expromere
687 2469 780 2509 centus

170 2552 300 2601 maximus
314 2559 340 2601 et
352 2559 454 2600 sanetus
467 2551 560 2611 dignus
572 2550 638 2598 inire
654 2550 758 2602 cheres.

125 2647 179 2698 hee
193 2647 288 2715 itaque
303 2643 417 2697 insuetis
428 2643 513 2691 'taeter
525 2637 623 2695 mergis,
635 2637 743 2693 spumis,
754 2639 832 2691 euers„

893 2428 898 2501 1
