1808 2956
339 135 460 176 ECLOGA
479 137 519 177 IX.

319 401 470 456 ECLOGA
487 404 537 456 IX.

273 560 413 598 eremas.
461 560 583 598 MOERIS.

99 751 125 782 u.
148 734 207 794 Quo
221 742 262 794 te,
277 735 374 794 Moeri,
389 735 484 798 pedes?
518 751 567 795 an,
583 750 634 799 quo
647 736 689 782 via
701 736 786 795 ducit,
801 737 829 782 in

394 823 500 871 urbem?

100 927 129 958 nr.
153 909 175 958 0
189 910 297 972 Lycida,
312 912 362 958 viri
375 912 546 973 pervenimus,
562 913 661 961 advena
673 914 753 961 nostri

102 997 185 1061 (quod
199 1013 342 1060 numquam
354 1000 425 1048 veriti
439 1000 539 1063 sumus)
556 1008 585 1048 ut
600 1016 732 1063 possessor
751 1002 828 1063 agelli

102 1087 200 1134 diceret
209 1077 284 1135 ‘haec
297 1103 355 1136 mea
369 1098 444 1148 sunt;
462 1096 559 1138 veteres
573 1091 680 1151 migrate
694 1081 799 1138 coloni'

67 1181 81 1223 5
102 1189 173 1222 nunc
186 1175 255 1234 vieti,
271 1176 364 1235 tristes,
380 1178 503 1238 quoniam
516 1177 578 1224 Fors
592 1179 679 1225 omnia
691 1184 782 1236 versat,

101 1264 150 1311 hos
164 1263 203 1311 illi
217 1263 299 1326 (quod
312 1278 360 1312 nec
373 1272 453 1312 vertat
465 1265 541 1328 bene)
555 1265 678 1313 mittimus
692 1266 797 1313 haedos.

102 1367 128 1399 n.
151 1350 227 1399 Certe
251 1353 370 1414 equidem
391 1353 536 1412 audieram,
563 1334 614 1415 qua
637 1368 664 1401 se
687 1353 829 1400 subducere

325 1444 328 1449 '
405 1441 484 1488 colles

102 1527 231 1590 incipiunt
243 1527 368 1589 mollique
381 1528 470 1589 iugum
483 1528 614 1575 demittere
627 1513 703 1586 clivo,

103 1631 184 1678 usque
198 1617 230 1664 ad
244 1630 339 1678 aquam
352 1622 377 1662 et
388 1623 498 1674 veteres,
519 1616 571 1662 ia'm
588 1615 670 1664 fracto
683 1616 826 1674 cacumina,

405 1703 478 1764 fagos

56 1797 84 1863 ld
104 1793 192 1840 omnia
205 1791 360 1839 carminibus
373 1799 484 1839 vestrum
497 1805 609 1839 servasse
621 1791 767 1839 Menalcan.

102 1896 131 1928 u.
153 1880 298 1928 Audieras?
312 1880 418 1928 etfama
431 1880 495 1939 fuit3
510 1879 553 1927 sed
567 1881 682 1927 carmina
695 1887 794 1926 tantum

103 1975 192 2015 nostra
205 1969 298 2026 valent,
313 1968 419 2029 Lycida,
439 1968 491 2016 tela
503 1967 569 2015 inter
580 1967 674 2014 Martia
687 1974 811 2029 quantum
877 1972 889 1997 ⁸

104 2055 236 2105 Chaonias
250 2056 338 2104 dieunt
351 2056 438 2118 aquila
450 2056 566 2104 veniente
580 2055 720 2103 columbas.

87 2205 89 2210 Ι
103 2144 236 2207 quodnisi
250 2159 290 2192 me
304 2159 466 2207 quacumque
479 2158 558 2191 novas
571 2144 683 2191 incidere
697 2143 753 2191 lites
819 2163 822 2167 ·

56 2238 83 2280 15
103 2240 163 2280 aute
176 2232 280 2280 sinistra
292 2247 355 2280 cava
368 2233 510 2279 monuisset
522 2231 553 2278 ub
566 2232 626 2279 ilice
640 2232 738 2290 cornix,

103 2335 150 2368 nec
164 2326 223 2367 tuus
236 2321 279 2368 hio
291 2321 385 2368 Moeris
398 2335 446 2368 nec
459 2321 553 2367 viveret
565 2320 620 2381 ipse
633 2319 772 2368 Menalcas.

102 2424 128 2456 u.
150 2408 221 2467 Heu,
242 2409 311 2456 cadit
327 2408 353 2455 in
368 2423 523 2471 quemquam
536 2415 635 2454 tantum
648 2409 748 2456 scelus?
768 2409 826 2463 heu,

404 2503 449 2542 tuo
461 2495 535 2542 nobis

102 2598 186 2647 paene
198 2584 274 2632 simul
288 2591 373 2632 tecum
385 2583 478 2632 solutio
490 2589 572 2645 rapta,
588 2583 724 2630 Menalcal

86 2665 210 2723 Vergilius.
664 2666 683 2713 ἣ
