1808 2956
256 147 425 188 enouulcou
444 149 532 187 mena
548 149 589 188 111.

48 312 75 355 tu
93 313 152 370 post
165 305 227 354 hinc
240 305 368 367 digressus
381 305 458 353 iubeo
472 304 618 353 frondentia
631 306 715 368 capris

93 395 186 443 arbuta
198 393 316 442 sufficere
329 402 354 442 ct
364 393 454 441 fluvios
468 393 590 456 praebere
603 402 726 452 recentes,

93 491 119 532 et
130 483 235 532 stabula
248 483 356 530 aventis
369 483 477 532 hiberno
492 497 623 544 opponere
636 483 685 530 soli

93 572 126 620 ad
141 571 256 620 medium
269 586 390 619 conversa
404 571 480 630 diem,
496 586 555 619 eum
567 571 675 633 frigidus
687 571 750 618 olim
778 568 784 578 “

93 661 146 709 iam
160 661 230 708 eadit
243 666 409 723 extremoque
420 661 520 708 inrorat
532 660 653 722 aquarius
667 674 744 707 anno.

48 755 74 798 >5
94 750 145 798 hae
158 763 263 812 quoque
275 763 328 796 non
342 764 404 797 cura
417 749 491 796 nobis
505 748 600 796 leviore
612 748 732 806 tuendae,

94 851 144 885 uec
156 837 242 885 minor
254 853 314 886 usus
329 837 384 896 erit,
400 836 516 899 quemvis
529 837 631 884 Milesia
644 852 739 899 magno

94 926 193 975 vellera
205 932 335 973 mutentur
347 925 439 987 Tyrios
452 927 556 974 incocta
568 926 689 973 rubores:

95 1015 200 1063 densior
213 1013 274 1062 hine
286 1014 397 1072 suboles,
413 1014 474 1061 hine
488 1015 554 1075 largi
567 1014 642 1075 copia
656 1014 746 1072 laetis3

95 1118 175 1166 quam
188 1103 270 1164 magis
284 1102 410 1151 exhausto
423 1103 579 1166 spumaverit
592 1102 668 1150 ubere
684 1103 813 1159 mulctra,¹

48 1197 77 1240 to
96 1193 166 1240 lacta
179 1191 261 1253 magis
275 1192 367 1254 pressis
381 1192 524 1239 manabunt
535 1191 642 1239 flumina
654 1191 781 1239 mammis.

96 1295 145 1329 uec
158 1280 243 1328 minus
256 1280 355 1328 interea
368 1279 460 1328 barbas
474 1281 618 1342 incanaque
631 1288 718 1328 menta

98 1369 221 1432 Cinyphii
234 1369 342 1417 tondent
355 1369 420 1417 hirci
432 1376 567 1432 saetasque
581 1377 711 1418 comantes

96 1458 214 1506 usumin
227 1465 370 1505 castrorum
383 1465 408 1506 et
420 1458 519 1506 miseris
533 1459 660 1506 velamina
673 1458 767 1504 nautis.

97 1553 239 1611 pascuntur
251 1560 311 1595 vero
325 1545 402 1594 silvas
415 1554 440 1594 et
452 1562 553 1594 summa
565 1545 660 1608 Lycaei

48 1640 77 1684 15
96 1635 278 1698 horrentisque
291 1635 368 1683 rubos
381 1643 407 1683 et
419 1636 529 1684 amantis
544 1637 624 1683 ardua
638 1636 738 1693 dumos,

97 1731 176 1786 utque
188 1724 259 1786 ipsae
271 1739 397 1772 memores
410 1725 518 1772 redeunt
530 1725 557 1771 iu
570 1732 638 1772 tecta
651 1738 761 1787 suosque

96 1813 195 1861 ducunt
207 1821 233 1860 et
245 1813 352 1874 gravido
365 1820 488 1875 superant
501 1813 543 1859 vix
555 1813 633 1861 ubere
646 1813 734 1861 limen.

97 1917 160 1963 ergo
175 1901 245 1948 omni
259 1901 343 1948 studio
357 1903 468 1962 glaciem
481 1909 620 1963 ventosque
633 1901 733 1959 nivalis,

98 2005 151 2054 qno
165 1990 250 2037 minor
262 1999 301 2038 est
313 1991 365 2037 illis
380 2005 455 2038 eurae
468 1991 584 2038 mortalis
599 1997 707 2051 egestus,

48 2085 78 2128 20
97 2086 196 2128 avertes
209 2079 356 2142 victumque
368 2080 433 2127 feres
447 2087 472 2127 et
484 2080 572 2140 virgea
584 2079 666 2126 iaetus

97 2167 204 2231 pabula,
220 2182 267 2216 nee
281 2175 333 2215 tota
347 2168 451 2217 claudes
465 2168 569 2216 faenilia
583 2167 683 2218 bruma.

98 2264 198 2305 atvero
211 2256 328 2319 zephyris
341 2272 399 2304 oum
413 2258 481 2305 laeta
494 2256 644 2304 vocantibus
658 2263 742 2304 aestus

96 2346 124 2393 in
138 2345 221 2392 saltus
232 2353 370 2407 utrumque
383 2360 488 2407 gregem
501 2352 578 2407 utque
590 2345 616 2392 iu
629 2360 725 2407 pascua
732 2345 822 2401 mittet,

97 2432 212 2481 Luciferi
225 2434 308 2496 primo
322 2449 380 2481 eum
394 2435 477 2482 sidere
490 2434 584 2495 frigida
597 2449 657 2481 rura

48 2526 77 2570 25
98 2536 250 2585 carpamus,
273 2524 334 2570 dum
355 2538 430 2571 mane
448 2538 557 2584 novom,
580 2523 641 2572 dum
654 2522 773 2589 gramina
785 2537 825 2570 ea-

399 2618 469 2670 nent,
