1808 2956
233 186 378 225 saturnos
399 187 486 226 elenu
503 189 546 226 111.
730 178 788 227 195

10 348 40 390 90
96 343 148 390 Vix
161 357 192 390 ea
204 343 271 390 satus
286 357 370 401 eram,
386 351 494 391 tremere
508 345 595 391 omnia
608 346 662 392 visa
675 354 789 408 repente,

60 432 203 493 liminaque
216 431 355 493 laurusque
369 432 419 489 dei,
435 438 555 493 totusque
569 435 664 481 moveri

60 534 134 566 mons
149 520 243 567 circum
257 527 282 567 et
294 520 393 581 mugire
407 520 489 581 adytis
503 521 603 567 cortina
616 521 730 569 reclusis.

60 608 179 656 submissi
192 609 302 670 petimus
316 615 418 666 terram,
437 616 462 656 et
473 623 523 655 vox
536 609 615 656 fertur
629 610 660 656 ad
675 611 753 657 auris.

59 696 236 745 ‘Dardanidae
249 697 315 755 duri,
332 712 398 759 quae
410 711 455 743 vos
469 713 484 745 a
497 697 575 759 stirpe
589 704 725 759 parentum

10 789 40 832 95
60 786 142 847 prima
155 785 214 832 tulit
227 785 312 842 tellus,
328 786 418 832 eadem
431 800 475 832 vos
488 785 567 833 ubere
580 786 648 834 laeto

61 874 169 936 accipiet
181 874 297 921 reduces.
325 875 458 935 antiquam
472 874 599 936 exquirite
611 882 729 922 niotrem.

61 961 104 1009 hic
117 963 207 1009 domus
220 963 325 1010 Aeneae
339 963 437 1009 cunctis
451 962 626 1009 dominabitur
639 962 701 1021 oris,

62 1059 86 1097 et
98 1051 150 1098 nati
164 1057 284 1097 natorum
298 1051 379 1112 etqui
393 1059 530 1098 nascentur
543 1051 574 1099 eb
588 1043 659 1098 illis.'

61 1138 125 1186 haec
137 1139 257 1186 Phoebus
268 1156 274 1197 ;
295 1139 429 1201 mixtoque
441 1139 533 1200 ingens
547 1147 637 1187 exorta
650 1140 761 1187 tumultu

10 1231 42 1273 00
61 1227 168 1284 laetitia,
184 1235 210 1274 et
222 1228 307 1276 cuncti
322 1242 389 1290 quae
402 1227 453 1274 sint
466 1242 497 1276 ea
509 1228 613 1276 moenia
626 1235 763 1290 quaerunt,

32 1321 34 1326 ’
61 1329 112 1376 quo
126 1315 246 1364 Phoebus
259 1323 333 1363 vocet
345 1316 452 1363 errantis
466 1316 604 1379 iubeatque
617 1317 716 1364 reverti.

61 1411 114 1450 tum
122 1405 231 1464 genitor,
247 1412 360 1452 veterum
372 1405 476 1452 volvens
488 1413 655 1453 monumenta
666 1405 788 1463 virorum,

57 1481 163 1550 ‘audite
180 1506 195 1538 o
209 1485 335 1554 proceres'
349 1493 384 1539 eit
396 1493 430 1540 ‘et
442 1507 500 1556 spes
515 1493 604 1541 discite
617 1499 721 1541 vestras.

61 1579 138 1628 Creta
150 1580 217 1627 Iovis
231 1581 318 1642 magni
332 1582 417 1629 medio
432 1583 498 1630 iacet
510 1582 595 1629 insula
608 1589 706 1643 ponto;

10 1673 40 1715 05
60 1683 134 1715 mons
148 1668 240 1716 Idaeus
254 1669 297 1716 ubi
311 1677 336 1717 et
348 1671 431 1731 gentis
445 1671 574 1718 cunabula
587 1677 700 1717 nostrae.
728 1684 732 1691 ·

61 1765 163 1805 centum
176 1758 252 1805 urbes
266 1757 384 1805 habitant
396 1773 513 1820 magnas,
530 1757 660 1805 uberrima
671 1771 763 1819 regno.

60 1846 187 1893 iunximus
202 1847 269 1894 unde
283 1855 364 1908 pater,
380 1848 401 1894 si
415 1847 462 1894 rite
475 1847 565 1894 audita
577 1846 708 1904 recordor,

60 1935 173 1982 Teucius
187 1933 315 1982 Rhoeteas
328 1935 439 1996 primum
453 1942 491 1982 est
504 1935 624 1983 advectus
638 1935 670 1981 ad
684 1948 742 1981 oras

61 2024 208 2085 optavitque
221 2025 308 2071 locum
322 2037 417 2084 regno:
439 2024 555 2071 nondum
568 2023 646 2072 Ilium
659 2030 685 2071 et
697 2038 770 2071 arces

10 2116 41 2159 10
60 2112 217 2172 Pergameae
231 2119 369 2170 steterant;
390 2111 543 2159 habitabant
555 2111 664 2159 vallibus
677 2111 746 2160 imis.

60 2199 120 2247 hinc
134 2208 215 2247 mater
229 2200 322 2247 cultrix
336 2198 449 2260 Cybelae
462 2197 672 2262 Corybantiaque
686 2214 746 2248 aera

60 2288 218 2350 Idaeumque
232 2302 330 2344 nemus,
346 2287 407 2335 hinc
420 2288 472 2335 fida
484 2289 588 2336 silentia
600 2288 688 2346 sectis,

60 2384 85 2423 et
97 2369 178 2424 iuncti
192 2391 295 2424 currum
309 2376 430 2424 dominae
443 2375 544 2424 subiere
557 2376 654 2425 leones.

60 2479 122 2525 ergo
136 2466 205 2525 agite
218 2474 243 2512 et
257 2465 342 2512 divom
356 2465 454 2512 ducunt
466 2478 518 2525 qua
530 2463 600 2510 iussa
613 2478 777 2525 sequamur„

10 2557 39 2600 15
60 2552 192 2614 placemus
205 2559 294 2602 ventos
307 2560 333 2602 et
345 2551 449 2604 Gnosia
460 2567 550 2615 regne
559 2559 702 2614 petamus-

53 2653 103 2687 nec
114 2641 197 2704 longo
211 2643 313 2695 distant
328 2662 432 2709 cursu3
451 2644 541 2696 modo
551 2637 688 2762 leupus}
700 2623 793 2674 QX*
837 2688 849 2721 ,Ι
862 2701 873 2715 -.

613 2722 631 2766 l
642 2747 649 2760 .
