1808 2956
348 157 468 201 EGLOGA
481 158 512 202 11.

324 426 477 481 ECLOGA
496 429 533 482 11.

370 584 488 622 ALEXIS.

101 756 255 803 Formosum
269 761 356 816 pastor
370 753 491 818 Corydon
504 757 611 818 ardebat
622 759 735 819 Alexim,

103 844 210 891 delicias
224 844 331 901 domini,
347 829 394 892 nec
408 845 470 906 qnid
483 853 597 906 speraret
609 847 729 909 habebat²

101 938 203 979 tanturn
216 931 282 979 inter
295 932 396 1002 densas,
411 933 532 981 umbrosa
545 935 687 993 cacumina,
702 936 775 997 lagos

103 1019 211 1066 adsidue
224 1019 349 1067 veniebat.
378 1020 412 1067 ibi
426 1010 490 1068 haec
503 1006 636 1070 incondita
648 1024 719 1086 solus

67 1113 81 1155 5
102 1107 233 1154 montibus
247 1115 272 1154 et
284 1108 353 1154 silvis
367 1109 452 1155 studio
465 1109 578 1157 iactabat
590 1111 670 1177 inani.
686 1173 689 1181 Ι
726 1094 729 1098 ’

136 1185 170 1243 ‘0
185 1195 295 1243 crudelis
308 1196 395 1254 Alexi,
412 1196 475 1243 nihil
489 1211 547 1244 mea
560 1198 674 1245 carmina
687 1197 779 1246 curas?

102 1283 140 1330 nil
155 1283 235 1329 nostri
248 1282 385 1331 miserere?
404 1284 470 1330 mori
483 1299 524 1332 me
537 1285 649 1347 deniqne
663 1300 747 1347 coges.

102 1386 172 1418 nunc
186 1371 263 1418 etiam
275 1372 387 1434 pecudes
400 1371 502 1419 umbras
516 1383 541 1420 et
554 1373 650 1435 frigora
664 1368 776 1436 captant,

103 1473 172 1506 nunc
185 1459 271 1506 viridis
285 1461 362 1507 etiam
376 1461 507 1528 occultant
518 1461 619 1522 spineta
632 1463 749 1519 lacertos,

56 1555 82 1596 10
103 1547 233 1608 Thestylis
246 1555 272 1595 et
283 1548 374 1610 rapido
388 1548 460 1595 sessis
473 1548 628 1616 messoribus
642 1555 714 1596 aestu

104 1636 157 1682 alia
169 1635 467 1707 serpullumque'herbas
481 1636 616 1707 contundit
628 1636 730 1683 olentis.
814 1653 816 1656 ·

104 1732 130 1770 at
144 1738 244 1770 mecum
256 1723 350 1782 raucis,
366 1731 411 1770 tua
424 1704 485 1770 dum
498 1724 605 1784 vestigia
618 1723 707 1782 lustro,

103 1811 218 1858 sola‘sub
233 1811 331 1858 ardenti
345 1817 467 1858 resonant
479 1810 583 1858 arbusta
596 1810 700 1858 cicadis.

103 1913 191 1946 nonne
204 1898 252 1945 fuit
265 1898 344 1945 satius
358 1898 436 1944 tristis
448 1897 615 1960 Amaryllidis
629 1897 680 1944 iras

56 1993 81 2035 15
104 1994 182 2048 atque
195 1985 305 2048 superba
317 1985 370 2048 pati
384 1984 505 2033 fastidia?
524 1999 611 2054 nonne
623 1984 769 2052 Menalcan,

104 2074 221 2136 quamvis
234 2075 278 2122 ille
290 2074 372 2135 niger,
389 2073 504 2134 quamvis
517 2080 545 2120 tu
558 2072 682 2120 candidus
696 2070 781 2118 esses?

104 2177 120 2209 ο
134 2162 245 2209 formose
258 2176 329 2223 puer,
346 2160 453 2207 nimium
466 2175 498 2207 ne
512 2160 586 2207 crede
599 2158 695 2206 colori:

104 2249 165 2296 alba
179 2249 287 2308 ligustra
300 2248 402 2306 eadunt,
418 2247 534 2294 vaccinia
546 2247 620 2307 nigra
632 2245 761 2305 leguntur.

104 2337 239 2397 despectns
252 2335 298 2382 tibi
311 2350 368 2382 sum
380 2349 428 2382 nee
441 2333 484 2395 qui
498 2333 546 2379 sim
560 2333 670 2394 qnaeris,
685 2333 772 2390 Alexi,

56 2429 85 2471 20
107 2437 186 2483 quarn
200 2423 269 2469 dives
283 2422 397 2484 pecoris,
415 2418 486 2467 *nivei
504 2434 582 2481 qnam
595 2420 668 2467 laetis
682 2420 826 2466 abundans.

103 2509 176 2557 mille
190 2523 261 2556 meae
275 2507 369 2556 Siculis
382 2515 469 2555 errant
480 2507 507 2553 in
520 2506 650 2553 montibus
664 2521 763 2567 agnaeq
799 2569 800 2572 Ἴ

104 2597 146 2645 lae
159 2595 223 2642 milri
237 2610 289 2643 non
303 2576 399 2644 aestate
412 2609 518 2658 novom,
531 2609 592 2645 nen
601 2594 707 2656 itincre
719 2590 797 2635 aent-
