1808 2956
246 178 393 218 aauaruos
411 180 498 219 araas
513 182 543 220 11.
736 173 790 225 181

65 333 144 381 vitam
157 334 330 393 exhalantem,
346 335 424 383 subiit
436 336 537 384 deserta
550 335 648 387 Creusa

65 402 92 469 ct
105 421 205 485 direpta
218 423 309 470 domus
323 430 348 471 et
360 423 432 486 parvi
445 438 519 471 casus
532 423 591 473 Iuli.

65 511 175 573 respicio
189 518 214 559 et
226 526 293 573 quae
305 512 338 559 sit
349 527 391 559 me
405 512 501 559 circum
515 513 591 574 copia
603 514 693 561 lustro.

10 604 44 647 65
65 599 201 647 deseruere
214 614 303 648 omnes
317 599 409 648 defessi
424 607 449 648 et
462 614 571 662 corpora
584 600 652 649 saltu

64 687 98 735 ad
112 692 205 735 terram
217 688 309 736 misere
322 696 368 736 aut
379 688 482 750 ignibus
495 703 573 749 aegra
587 688 689 736 dedere.

100 775 207 838 Iamque
231 776 296 824 adeo
322 791 398 839 super
421 791 487 824 unus
512 791 598 835 eram,
627 792 684 824 curn
704 777 795 824 lirnina

365 864 460 913 Vestae

64 960 207 1002 servantem
221 961 246 1002 et
258 954 363 1002 tacitam
376 961 473 1001 secreta
486 954 513 1000 in
526 953 586 1000 sede
600 953 723 1001 latentem

64 1039 214 1101 Tyndarida
226 1043 341 1105 aspicio:
363 1042 426 1090 dant
439 1042 510 1113 clara
522 1041 643 1089 incendia
656 1041 740 1090 lucem

11 1131 43 1176 70
64 1129 158 1177 erranti
172 1131 319 1192 passimque
332 1131 421 1178 oculos
435 1144 480 1192 per
493 1137 586 1178 cuncta
599 1130 697 1182 ferenti.

64 1216 110 1264 illa
123 1217 171 1265 sibi
184 1217 290 1266 infestos
304 1233 392 1266 eversa
405 1217 437 1266 ob
451 1218 577 1280 Pergama
590 1218 703 1266 Teucros

64 1312 89 1353 ct
101 1320 197 1369 poenas
210 1306 331 1354 Danaum
345 1314 370 1354 et
382 1307 474 1354 deserti
489 1307 606 1368 coniugis
619 1307 670 1357 iras

64 1402 256 1456 praemetuens,
279 1395 373 1443 Troiae
391 1404 416 1442 et
428 1396 526 1457 patriae
539 1396 683 1444 communis
697 1396 791 1457 erinys,

64 1481 199 1532 abdiderat
210 1498 266 1532 sese
280 1491 357 1545 atque
371 1484 421 1531 aris
434 1484 516 1532 invisa
528 1484 642 1533 sedebat.

10 1574 23 1618 7
28 1575 41 1617 5
63 1585 180 1619 exarsere
193 1573 266 1633 ignes
279 1573 375 1629 animo,
390 1572 459 1619 subit
471 1572 510 1619 ira
523 1573 657 1620 cadentem

63 1659 152 1706 ulcisci
166 1661 276 1722 patriam
289 1669 314 1709 et
326 1661 462 1708 sceleratas
476 1675 576 1708 sumere
590 1674 695 1722 poenas.

60 1735 793 1811 ‘scilicethaecSpartamincolumispatriasqueMycenas

63 1833 171 1894 aspiciet
182 1813 307 1898 paitoque
320 1837 367 1885 ibit
379 1837 469 1897 regina
482 1836 613 1898 triumpho

63 1922 264 1985 coniugiumque
277 1925 433 1986 domumque
446 1932 530 1987 patres
544 1931 671 1987 natosque
683 1925 789 1983 videbit,

10 2015 42 2058 80
62 2010 173 2059 Iliadum
186 2013 261 2061 turba
275 2022 299 2061 et
312 2014 431 2075 Phrygiis
445 2013 567 2062 comitata
580 2013 711 2072 ministris,

62 2099 185 2148 occiderit
197 2101 264 2148 ferro
278 2101 404 2159 Priamus,
420 2100 500 2148 Troia
512 2101 602 2149 arserit
614 2101 677 2163 igni,

61 2187 223 2236 Dardanium
237 2190 330 2238 totiens
344 2189 443 2238 sudarit
455 2189 580 2250 sanguine
595 2189 672 2237 litus?

61 2290 113 2323 non
131 2276 176 2324 ita.
217 2292 329 2340 numque
342 2279 389 2326 etsi
402 2278 502 2326 nullum
515 2279 683 2327 memorabile
696 2279 794 2328 nomeu

61 2363 172 2413 leminea
184 2366 212 2413 in
225 2380 311 2427 poena
323 2375 362 2414 est
374 2381 422 2414 nec
435 2365 513 2413 habet
525 2366 633 2414 victoria
646 2368 762 2424 laudem,

10 2456 40 2499 85
62 2452 201 2501 extinxisse
215 2454 287 2501 nefas
300 2463 386 2503 tamen
399 2463 425 2502 ct
438 2455 577 2517 sumpsisse
590 2456 711 2503 merentis

60 2540 187 2589 laudabor
199 2555 297 2603 poenas
311 2542 480 2606 animumque
493 2543 618 2606 explesse
629 2542 740 2589 taxatam

57 2628 153 2675 ultricis
164 2630 287 2680 llammae
303 2640 328 2682 et
341 2633 450 2686 eineres
464 2634 583 2686 satiasse
595 2615 744 2677 anammat
