1808 2956
69 185 129 232 ⁴192
308 194 334 232 P.
351 192 473 232 VERGILI
494 191 626 231 mantuus

138 350 208 400 Solis
221 352 261 399 avi
274 350 413 413 specimen,
428 349 495 411 bigis
508 349 529 397 it
540 349 644 398 Turnus
657 349 686 397 in
700 349 778 410 albis,

69 444 118 488 165
138 441 200 489 bina
212 455 292 488 manu
305 441 357 488 lato
372 439 487 501 crispans
499 438 606 486 hastilia
618 437 697 486 ferro.

137 529 198 577 hinc
211 538 284 592 pater
297 529 408 586 Aeneas,
424 527 557 575 Romanae
570 527 656 589 stirpis
670 527 756 589 origo,

138 618 238 666 sidereo
251 618 363 679 flagrans
376 617 460 678 clipeo
473 622 499 664 et
511 615 664 664 caelestibus
678 616 769 674 armis,

138 713 163 755 et
176 707 248 753 iuxta
260 706 397 763 Ascanius,
413 719 523 766 magnae
535 718 593 766 spes
610 704 694 751 altera
706 703 816 762 Romae,
883 658 891 827 ν

138 796 281 858 procedunt
293 795 391 855 castris,
407 807 524 856 puraque
536 793 563 840 in
577 799 645 840 veste
658 793 783 840 sacerdos

70 887 118 932 170
138 883 280 944 saetigerae
293 882 373 931 fetum
386 882 439 929 suis
452 882 634 943 intonsamque
647 880 783 930 bidentem

139 972 224 1020 attulit
237 972 401 1033 admovitque
414 985 492 1033 pecus
504 969 673 1032 flagrantibus
687 971 749 1018 aris.

138 1061 176 1108 illi
190 1061 222 1108 ad
237 1067 384 1121 surgentem
398 1059 513 1106 conversi
527 1059 626 1106 lumina
638 1061 722 1108 solem

139 1150 202 1197 dant
214 1149 300 1210 fruges
313 1148 432 1195 manibus
445 1148 527 1195 salsas
541 1155 566 1195 et
579 1154 697 1210 tempora
710 1149 780 1198 ferro

108 1263 115 1274 ·
138 1252 239 1286 summa
252 1244 343 1284 notant
355 1236 483 1298 pecudum
496 1236 643 1298 paterisque
658 1238 753 1287 altaria
765 1239 848 1286 libant

71 1331 118 1375 175
139 1333 194 1373 tum
207 1326 264 1388 pius
278 1326 381 1374 Aeneas
394 1326 482 1373 stricto
495 1325 532 1373 sic
546 1339 606 1372 ense
619 1333 750 1387 precatur.
890 1298 895 1483 ἱ

136 1404 202 1462 ‘esto
215 1428 284 1462 nunc
297 1412 344 1462 Sol
357 1414 428 1461 testis
441 1421 467 1461 et
479 1413 543 1461 haec
556 1413 619 1460 mihi
630 1413 713 1463 Terra
725 1414 835 1472 vocanti,

140 1518 218 1566 quam
230 1509 335 1566 propter
348 1509 433 1550 tantos
447 1503 519 1564 potui
533 1501 646 1564 perferre
660 1502 773 1563 labores,

140 1600 165 1641 et
176 1599 250 1656 pater
263 1592 426 1654 omnipotens
439 1597 465 1638 et
476 1598 504 1638 tu
517 1589 639 1638 Saturnia
652 1592 778 1651 coniunx,

139 1681 191 1730 iam
204 1682 296 1730 melior
308 1683 374 1739 iam,
397 1681 470 1737 diva,
491 1693 591 1741 precor,
612 1686 693 1741 tuque
705 1681 805 1730 inclute
816 1679 861 1727 Ma·

440 1782 507 1826 vors‚

71 1863 120 1906 180
140 1865 233 1907 cuncta
246 1866 290 1906 tuo
304 1859 349 1922 qui
361 1859 445 1916 bella,
461 1863 547 1919 pater,
567 1856 614 1903 sub
628 1857 736 1905 numine
749 1866 861 1920 torquem
897 1844 900 1905 ἶ

139 1946 274 2009 fontesque
286 1948 430 2010 fluviosque
442 1960 516 2005 voco,
532 1959 651 2007 quaeque
664 1945 778 1995 aetheris
791 1945 834 1994 alti
898 1944 900 1973 ²

140 2036 231 2097 religio
245 2043 271 2082 et
283 2050 349 2097 quae
363 2036 481 2083 caeruleo
494 2041 555 2082 sunt
566 2033 675 2082 numina
688 2043 786 2097 ponto:

140 2124 245 2172 cesserit
257 2125 374 2171 Ausonio
388 2125 409 2172 si
422 2124 475 2172 fors
488 2122 595 2171 victoria
607 2121 707 2181 Turno,

140 2212 259 2260 convenit
272 2211 385 2259 Euandri
399 2212 479 2260 victos
493 2212 624 2260 discedere
638 2211 670 2259 ad
685 2208 786 2272 urbem,

71 2306 119 2349 185
140 2302 213 2349 cedet
226 2301 296 2349 Iulus
311 2301 388 2361 agris,
404 2315 451 2349 nec
465 2308 523 2363 post
536 2315 608 2348 arma
622 2300 677 2348 ulla
689 2301 801 2350 rebelles

140 2390 280 2438 Aeneadae
292 2389 403 2437 reserent
415 2390 512 2437 ferrove
527 2389 590 2437 haec
603 2403 685 2449 regna
698 2390 835 2438 lacessent.

140 2480 180 2526 sin
194 2487 311 2526 nostrum
324 2479 443 2526 adnuerit
455 2478 530 2527 nobis
543 2477 660 2525 Victoria
672 2478 785 2527 Martem

139 2569 151 2634 (
153 2576 181 2618 ut
190 2567 279 2634 potius
293 2581 352 2616 reor
364 2576 389 2616 et
402 2567 487 2632 potius
501 2567 526 2614 di
540 2566 645 2613 numine
658 2567 784 2630 firment),

128 2678 183 2714 non
199 2678 251 2730 ego
266 2677 319 2714 nee
331 2659 445 2713 Teucris
455 2657 540 2709 italos
551 2651 752 2718 perereiubebo
