1808 2956
57 279 117 327 316
295 285 460 324 r.rrnc1r1
480 282 612 322 Masonsa

125 443 170 490 ille
183 441 342 503 triumphata
354 438 487 502 Capitolia
499 439 531 486 ad
545 439 599 486 alta
611 436 744 486 Corintho

125 531 206 578 victor
220 537 279 590 aget
292 543 403 586 currum,
420 528 501 576 caesis
515 527 623 588 insignis
637 525 755 574 Achivis.

127 625 198 667 eruet
210 619 255 665 ille
268 617 353 678 Argos
366 615 640 677 Agamemnoniasque
653 615 779 676 Mycenas

126 707 263 769 ipsumque
276 704 417 762 Aeaciden,
433 718 513 765 genus
528 703 707 764 armipotentis
720 704 827 762 Achilli,

57 799 107 841 840
127 795 195 842 ultus
209 808 270 841 avos
283 793 386 850 Troiae,
402 794 499 854 templa
512 798 537 839 et
550 797 676 839 temerata
688 791 827 841 Minervae.

127 883 184 944 quis
198 889 231 940 te,
247 895 341 942 magne
355 879 430 939 Cato,
446 880 552 928 tacitum
565 887 610 926 aut
622 886 655 937 te,
673 877 766 940 Cosso,
781 881 851 929 relin-

189 950 191 955 Ι
429 967 506 1029 quat?

128 1058 184 1120 quis
205 1055 315 1104 Gracchi
335 1070 417 1116 genus
442 1062 486 1103 aut
508 1055 641 1116 geminos,
670 1056 723 1102 duo
748 1056 852 1103 fulmina

428 1143 499 1202 belli,

127 1231 271 1294 Scipiadas,
288 1233 388 1280 cladem
401 1231 506 1293 Libyae,
522 1245 653 1293 parvoque
665 1239 801 1294 potentem

127 1319 273 1366 Fabricium
286 1320 325 1367 vel
339 1327 363 1367 te
376 1321 458 1378 sulco,
474 1319 593 1374 Serrana,
608 1321 756 1368 serentem?

57 1413 107 1455 845
128 1422 179 1469 quo
193 1408 288 1454 fessum
301 1408 400 1468 rapitis,
416 1408 507 1455 Fabii?
526 1416 552 1455 tu
566 1407 696 1455 Maximus
709 1409 777 1457 ille's

128 1510 193 1543 unus
207 1495 251 1556 qui
265 1495 339 1542 nobis
354 1497 499 1544 cunctando
512 1496 624 1543 restituis
637 1510 700 1543 rem.

129 1584 257 1631 excudent
270 1584 314 1631 alii
328 1584 452 1646 spirantia
465 1585 570 1632 mollius
584 1597 652 1642 aera,

127 1673 204 1720 credo
218 1672 347 1734 equidem,
363 1672 431 1718 vivos
446 1672 540 1720 ducent
554 1673 585 1720 de
597 1684 727 1720 marmore
740 1675 832 1733 voltus,

127 1761 238 1808 orabunt
251 1774 341 1808 causas
355 1760 456 1818 melius,
472 1761 589 1822 caelique
602 1767 702 1808 meatus

57 1853 107 1896 850
128 1849 273 1897 describent
285 1848 358 1895 radio
372 1855 397 1895 et
410 1848 541 1909 surgentia
553 1848 638 1895 sidera
651 1849 754 1897 dicent:

127 1945 153 1984 tu
167 1952 254 1998 regere
267 1937 375 1998 imperio
390 1936 510 1998 populos,
526 1935 651 1994 Romane,
667 1949 800 1986 memento

128 2026 188 2086 (bae
202 2025 248 2073 tibi
262 2032 337 2072 erunt
349 2024 427 2086 artes)
441 2025 563 2086 pacisque
577 2025 701 2086 inponere
715 2041 824 2086 morem,

127 2128 232 2176 parcere
245 2112 365 2160 subiectis
379 2120 404 2160 et
417 2112 546 2160 debellare
559 2105 702 2174 superbos.'
896 2122 898 2153 Ι

163 2201 206 2250 Sic
224 2207 297 2263 pater
308 2201 451 2259 Anchises,
473 2209 551 2263 atque
568 2200 632 2248 haec
646 2201 801 2251 mirantibus
815 2202 856 2250 ad·

429 2289 474 2336 dit.

56 2383 106 2426 855
124 2367 221 2440 ‘aspice
233 2385 262 2424 ut
275 2377 382 2438 insignis
396 2378 485 2439 spoliis
498 2378 638 2427 Marcellus
652 2379 745 2441 opimis

127 2465 271 2526 ingreditur
284 2466 416 2526 victorque
429 2466 496 2513 viros
509 2468 682 2529 supereminet
695 2468 791 2517 omnis.

127 2553 235 2601 hierem
249 2554 402 2612 Romanam,
418 2569 513 2615 magno
527 2555 645 2604 turbante
658 2557 781 2616 tumultu,

127 2642 207 2700 sistet,
223 2656 301 2705 eques
315 2650 411 2691 sternet
423 2642 525 2690 Poenos
539 2641 697 2705 Gallumque
710 2644 835 2694 rebellem

115 2731 247 2796 tertiaque
260 2748 336 2782 arma
348 2731 419 2799 patri
433 2732 579 2797 suspendet
590 2739 669 2794 capta
679 2725 806 2788 Quirino?
