1808 2956
62 184 124 231 456
303 191 329 230 Ρ.
347 188 468 229 VERGILI
485 186 568 228 MARO
574 189 621 228 MS

134 347 197 409 quin
210 360 258 408 ego
273 361 325 394 non
339 346 390 394 alio
404 345 495 408 digner
508 352 533 392 te
546 344 646 404 sunere,
663 345 750 404 Palla,

64 440 113 486 110
133 451 212 499 quam
236 436 293 498 pius
312 435 414 483 Aeneas
440 442 465 483 et
491 447 570 495 quam
595 434 688 495 magni
708 433 847 497 Pnsygaa

434 537 513 585 quam

133 612 310 674 Tyrrhenique
324 613 411 670 duces,
426 609 589 673 Tyrrhenum
602 610 736 660 exercitus
749 611 834 660 omna.

133 715 229 762 magna
241 709 347 763 tropaea
360 700 453 759 ferunt,
469 713 534 761 quos
548 698 594 747 dat
606 705 652 747 tua
671 700 783 749 dextera
793 699 847 748 Lete

133 797 160 837 tu
173 803 277 851 quoque
290 803 358 836 nunc
372 796 452 836 stares
465 786 578 834 inmanis
591 793 702 837 bencus
715 788 744 836 in
758 789 838 845 amna

133 885 198 926 esset
211 892 258 940 par
271 884 341 925 aetas
355 885 379 924 et
391 877 460 925 idem
472 875 493 924 si
507 874 586 922 robur
598 875 631 922 ab
645 878 736 936 annis,

63 971 112 1016 175
132 966 228 1015 Turne.
256 967 300 1014 sed
313 966 405 1013 infelix
417 965 532 1013 Teucros
545 963 607 1026 quid
622 964 750 1015 demoror
762 964 847 1016 armis?

132 1055 218 1103 vadite
230 1063 255 1103 et
267 1055 333 1103 haec
344 1068 471 1103 memores
484 1052 537 1113 regi
551 1053 677 1102 mandata
691 1054 797 1115 referte,

131 1132 210 1204 'quod
224 1143 302 1190 sitam
315 1158 402 1190 moror
414 1143 523 1189 invisam
534 1140 655 1189 Pallante
668 1151 818 1207 perempto,

132 1231 239 1278 dextera
251 1245 330 1278 causa
343 1237 446 1287 tuaest,
467 1229 584 1277 Turnum
597 1237 736 1293 gnatoque
750 1232 857 1296 patrique

133 1333 211 1381 quam
225 1318 318 1366 debere
330 1319 410 1366 vides.
438 1319 534 1366 meritis
547 1324 621 1366 vacat
634 1318 678 1366 hic
692 1319 742 1368 tibi
756 1321 826 1369 solus

63 1411 112 1454 180
132 1406 303 1468 fortunaeque
316 1408 398 1455 locus.
425 1422 478 1454 non
491 1407 558 1454 vitae
570 1407 668 1468 gaudia
682 1422 787 1470 quaero

132 1493 191 1556 (nec
205 1494 264 1558 sas),
281 1496 325 1543 sed
339 1503 418 1556 gnato
432 1497 515 1544 manis
529 1494 640 1558 perferre
654 1495 703 1543 sub
720 1489 820 1547 imos.”

168 1584 271 1633 Aurora
284 1584 382 1631 interea
395 1584 495 1632 miseris
509 1583 661 1632 mortalibus
675 1584 780 1634 almam

132 1674 259 1721 extulerat
272 1673 365 1731 lucem,
382 1672 492 1720 reserens
506 1687 585 1734 opera
598 1680 677 1733 atque
691 1673 814 1724 labores:

131 1762 183 1810 iam
196 1769 269 1825 pater
281 1761 392 1818 Aeneas,
408 1761 460 1808 iam
474 1776 550 1809 curvo
564 1761 590 1807 in
605 1760 680 1808 litore
694 1760 821 1813 Tarchon

63 1853 110 1896 185
131 1851 286 1898 constituere
300 1865 384 1912 pyras.
412 1849 462 1898 huc
476 1864 585 1912 corpora
599 1849 709 1912 quisque
724 1866 834 1900 suorum

131 1953 202 1986 more
216 1940 296 1987 tulere
310 1946 411 2001 patrum
424 1938 596 1999 subiectisque
609 1936 715 1998 ignibus
731 1942 797 1990 atris

131 2027 250 2074 conditur
262 2028 290 2074 in
304 2026 422 2075 tenebras
436 2028 517 2075 altum
531 2026 642 2087 caligine
655 2026 772 2076 caelum.

130 2123 168 2162 ter
181 2115 278 2163 circum
291 2130 422 2174 accensos,
438 2115 514 2163 cincti
528 2113 687 2175 fulgentibus
701 2118 796 2177 armis,

131 2203 264 2251 decurrere
277 2218 363 2264 rogos,
380 2210 418 2251 ter
430 2210 556 2252 maestum
569 2201 665 2250 funeris
679 2202 772 2263 ignem

61 2295 111 2338 190
131 2292 270 2340 lustravere
283 2293 310 2339 in
324 2292 397 2353 equis
410 2292 576 2353 ululatusque
590 2305 633 2338 ore
647 2291 752 2340 dedere.

129 2381 259 2443 spargitur
272 2387 296 2429 et
309 2380 386 2427 tellus
400 2381 522 2438 lacrimis,
538 2387 695 2441 sparguntur
708 2387 735 2427 et
748 2397 836 2434 arma.

129 2470 149 2516 it
162 2470 234 2517 caclo
248 2469 398 2531 clamorque
411 2469 493 2516 virum
507 2469 666 2529 clangorque
678 2467 816 2520 tubarum.

131 2557 192 2605 hinc
206 2557 250 2605 alii
264 2557 350 2619 spolia
362 2557 453 2605 occisis
468 2558 573 2619 derepta
586 2556 686 2603 Latinis

123 2647 261 2700 coniciunt
272 2647 341 2713 igni,
356 2646 449 2712 galeas
463 2656 592 2704 ensesque
604 2643 714 2688 decoros
