1808 2956
336 194 361 234 P.
379 194 500 233 VERGILI
521 194 651 234 Mnuouls

165 350 188 397 si
199 350 231 396 ad
244 351 351 398 vitulam
362 357 471 413 spectas,
485 351 600 400 nihilum
612 353 890 416 qnod-poculu-luudes.

164 453 193 486 m.
214 438 363 502 Numquam
375 439 453 488 hodie
471 440 594 502 effugies3
614 441 716 491 veniam
729 456 893 504 quocumque

413 529 520 576 vocaris.

113 620 146 664 50
165 617 255 664 audiat
264 616 328 664 haee
336 600 436 664 tuntum
444 618 524 665 —vel
537 617 580 679 qui
592 619 661 665 venit
672 634 731 667 ecee
739 620 889 667 Palaemon.

165 705 284 763 officiam,
299 706 407 768 posthae
421 721 453 754 ne
466 721 622 768 quemquam
636 722 698 755 voce
711 709 830 755 lacessas.

164 810 192 842 n.
215 793 283 854 Quin
298 809 354 855 age,
370 795 455 856 siquid
468 795 565 854 habes,
586 795 612 841 in
630 810 672 844 me
688 812 762 844 mora
779 812 831 844 non
846 798 894 845 orit

466 884 529 942 ulla,

165 985 213 1018 nee
226 985 383 1032 quemquam
397 970 482 1031 fugio:
502 978 611 1030 tantum,
627 973 709 1020 vicine
722 972 872 1031 Palaemon,

165 1060 282 1107 sensibus
297 1059 360 1106 haee
374 1059 431 1105 imis
445 1058 495 1121 (res
508 1067 546 1107 est
559 1075 611 1106 non
625 1060 716 1122 parva)
730 1074 847 1122 reponas.

114 1152 146 1195 55
167 1164 190 1196 c.
213 1148 316 1206 Dicite,
344 1148 555 1210 quandoquidem
580 1149 607 1195 in
631 1149 704 1197 molli
731 1149 893 1197 consedimus

467 1236 554 1284 herba.

167 1332 191 1373 et
204 1340 273 1372 nune
287 1324 370 1372 omnis
385 1339 454 1386 ager,
470 1339 539 1374 nuno
552 1327 636 1373 omnis
649 1327 758 1388 parturit
771 1326 855 1383 arbos,

166 1428 235 1461 nune
249 1414 369 1461 frondent
382 1414 469 1472 silvae,
485 1429 554 1462 nuno
567 1395 766 1461 formosissimus
780 1430 871 1462 annus.

166 1502 260 1565 incipe,
275 1503 420 1561 Damoeta3
441 1510 467 1549 tu
482 1503 574 1551 deinde
588 1517 703 1565 sequere,
719 1503 838 1550 Menalca

167 1591 271 1639 alternis
286 1591 391 1650 dicetis3
412 1598 499 1638 amant
512 1593 611 1638 alterna
624 1605 755 1639 cumenae.

114 1684 147 1727 60
202 1696 229 1727 n.
251 1680 292 1727 Ab
312 1681 373 1728 Iove
397 1679 553 1742 principium
576 1695 681 1727 musae:
714 1679 781 1726 Iovis
808 1679 896 1725 omnia

468 1768 559 1830 plena3

167 1858 212 1905 ille
226 1857 288 1904 colit
301 1865 390 1912 terras,
406 1855 444 1901 illi
458 1837 516 1902 mea
529 1855 643 1902 earmina
657 1869 742 1901 curae.

166 1961 194 1992 m.
216 1945 249 1991 Et
272 1959 312 1991 me
337 1942 457 1989 Phoebus
482 1949 567 1999 umat;
593 1941 700 1988 Phoebo
725 1956 772 1988 sua
796 1956 895 2002 semper

469 2028 536 2090 apud
550 2043 591 2076 me

166 2134 274 2168 munera
287 2126 355 2175 sunt,
371 2117 436 2164 lauri
451 2124 476 2164 et
488 2131 564 2164 suave
577 2116 670 2164 rubens
684 2117 847 2180 hyacinthus.

201 2223 229 2254 n.
251 2207 321 2254 Malo
335 2221 376 2253 me
390 2204 499 2253 Galatea
511 2206 582 2267 petit,
599 2206 694 2254 laseivu
707 2207 804 2269 puella,

114 2300 146 2342 65
167 2302 192 2343 et
205 2295 273 2354 sugit
286 2295 318 2341 ad
332 2293 432 2352 salices,
448 2302 512 2342 etse
526 2295 597 2357 cupit
609 2302 668 2344 ante
680 2295 769 2344 videri.

166 2398 194 2429 u.
217 2383 252 2428 At
264 2381 327 2428 mihi
340 2396 395 2429 sese
407 2383 482 2428 oll'ect
492 2384 569 2442 ultro,
583 2399 655 2432 meus
667 2384 744 2446 ignis,
758 2386 892 2447 Amyntas,

167 2470 254 2516 notior
268 2477 295 2516 ut
308 2470 359 2517 iam
372 2470 405 2516 sit
418 2470 524 2517 cunibus
538 2485 591 2518 non
602 2472 680 2519 Delia
692 2473 795 2519 nostris.

203 2571 229 2604 ι).
252 2557 330 2603 Parta
349 2570 422 2603 meae
440 2557 536 2603 Veneri
556 2565 616 2604 sunt
633 2573 755 2606 munera:
784 2574 895 2620 namque

469 2643 555 2690 notavi
