1808 2956
253 185 401 224 Aruernos
420 186 506 224 umus
523 187 574 224 vu.
751 177 809 225 337

82 341 155 389 bella
167 355 246 388 manu
260 341 391 402 letumque
403 335 485 402 gero.³

83 431 123 478 sic
136 429 213 478 effatu
226 429 309 478 facem
321 430 407 478 iuveni
422 431 532 478 coniecit
544 438 569 479 et
583 439 637 478 atro

83 518 184 567 lumine
196 517 319 567 fumantis
332 518 388 565 fixit
400 518 448 565 sub
461 527 565 581 pectore
578 520 674 568 taedas.

84 606 132 654 olli
146 621 266 653 somnum
278 607 370 668 ingens
383 607 480 669 rumpit
492 623 573 670 pavor
582 622 692 670 ossaque
706 614 731 656 et
744 615 813 655 artus

84 694 200 758 perfudit
212 701 266 742 toto
279 701 416 756 proruptus
430 709 538 758 corpore
552 698 639 745 sudor.

38 789 63 832 to
84 797 158 831 erma
170 797 259 830 emens
272 782 371 841 fremit,
391 798 463 831 arma
481 792 538 831 toro
557 785 682 848 tectisque
696 785 810 848 requirit,

84 870 166 920 saevit
179 885 251 918 amor
264 871 324 919 ferri
338 878 362 920 et
375 872 500 920 scelerata
512 873 614 921 insania
628 873 698 931 belli,

83 960 124 1007 ire
137 973 229 1022 super3
250 974 346 1021 magno
358 960 437 1007 veluti
451 976 510 1008 cum
522 961 626 1009 flamma
638 975 732 1009 sonore

84 1049 174 1109 virgea
186 1049 333 1110 suggeritur
345 1049 422 1096 costis
435 1050 558 1097 undantis
572 1049 630 1098 aeni

84 1137 254 1198 exultantque
267 1143 339 1185 aestu
352 1137 456 1194 latices,
472 1136 535 1185 furit
547 1137 615 1185 intus
629 1137 706 1200 aquai

38 1231 63 1274 55
84 1224 198 1272 fumidus
211 1231 289 1287 etque
302 1208 353 1274 alte
365 1226 462 1287 spumis
476 1226 600 1274 exuberat
612 1226 695 1273 amnis

85 1328 133 1362 nec
146 1313 198 1360 iam
211 1328 238 1362 se
253 1314 322 1376 capit
334 1314 420 1372 unde,
435 1314 506 1363 volat
518 1330 598 1380 vapqr
611 1322 666 1362 ater
679 1315 710 1362 ad
725 1329 809 1363 auras.

84 1416 148 1463 ergo
161 1402 209 1449 iter
223 1401 254 1448 ad
268 1416 355 1462 regem
367 1402 468 1464 polluta
480 1417 544 1465 pace
557 1403 680 1452 Latinum

85 1490 177 1538 indicit
189 1489 277 1551 primis
291 1490 412 1537 iuvenum
425 1498 450 1538 et
462 1490 533 1538 iubet
545 1505 617 1539 arma
628 1492 724 1552 parari,

85 1579 164 1627 tutari
176 1578 288 1637 Italiam,
305 1578 438 1626 detrudere
452 1578 545 1626 finibus
558 1578 674 1637 hostem3

38 1673 66 1717 70
85 1681 113 1715 se
126 1667 188 1714 satis
201 1666 326 1714 ambobus
340 1667 498 1728 Teucrisque
510 1666 597 1715 venire
609 1666 770 1728 Latinisque.

85 1755 151 1805 haec
163 1754 207 1802 ubi
221 1754 290 1803 dicta
303 1756 374 1802 dedit
386 1756 509 1817 divosque
522 1755 549 1801 in
562 1760 622 1801 vota
633 1754 741 1813 vocavit,

87 1844 204 1892 certatim
217 1857 272 1891 sese
286 1842 375 1892 Rutuli
389 1844 558 1892 exhortantur
570 1843 597 1889 in
611 1856 690 1889 arma.

85 1933 155 1980 hunc
169 1932 246 1980 decus
266 1933 398 1994 egregium
417 1932 515 1980 formae
534 1936 619 1978 movet
631 1937 708 1992 atque
725 1929 812 1978 iuven·

386 2029 436 2080 tae,

85 2108 154 2156 hunc
168 2109 234 2156 atavi
248 2123 330 2170 reges,
346 2109 415 2157 hunc
429 2110 505 2157 claris
519 2109 625 2156 dextera
637 2107 721 2155 fectis.

38 2203 65 2246 l5
121 2197 191 2244 Dum
204 2198 306 2245 Turnus
319 2196 429 2244 Rutulos
442 2198 535 2245 animis
548 2196 689 2244 audacibus
702 2195 791 2257 inplet,

84 2286 189 2334 Allecto
202 2286 229 2332 in
242 2286 356 2334 Teucros
370 2284 465 2348 Stygiis
478 2300 505 2333 se
518 2285 631 2334 concitat
643 2284 700 2332 alis.

86 2381 140 2422 arte
153 2388 220 2421 nova
232 2377 365 2436 speculata
377 2375 472 2432 locum,
489 2387 540 2436 quo
554 2373 629 2421 litore
641 2371 749 2434 pulcher

85 2462 185 2510 insidiis
199 2477 327 2524 cursuque
340 2462 406 2510 feras
420 2461 536 2523 agitabat
546 2462 627 2518 Iulus,

85 2550 128 2599 hic
141 2550 252 2598 subitam
266 2549 372 2599 canibus
386 2550 484 2598 rabiem
497 2547 692 2611 coepturum

38 2645 64 2685 30
82 2639 163 2686 obicit
174 2646 201 2687 et
213 2647 277 2688 noto
292 2640 365 2690 neris
379 2639 517 2704 contingit
529 2640 627 2694 edere„

56 2718 178 2774 Vergilius.
491 2754 494 2759 -
649 2711 699 2758 Y).
