1808 2956
267 179 415 219 racemos
436 181 522 219 inest
542 181 584 220 xi.
759 173 814 219 481

95 336 253 400 adloquitur,
269 337 321 385 fida
334 344 393 386 ante
406 338 471 386 elias
484 352 551 400 quae
563 337 621 385 sola
633 335 769 397 Camillae,

95 426 201 489 quicum
214 427 302 489 partiri
317 441 400 485 curas,
416 433 494 489 atque
506 426 570 474 haec
582 425 620 474 ita
632 425 708 474 fatur.

91 505 241 572 ‘hactenus,
263 514 335 562 Acca
347 529 435 571 soror,
457 515 544 577 potui:
566 529 635 562 nunc
647 515 739 562 volnus
752 529 822 564 acer·

203 665 205 670 Α
396 603 457 650 bum

94 691 198 740 conficit
211 698 236 738 et
248 690 359 738 tenebris
372 691 521 752 nigrescunt
534 690 622 738 omnia
635 689 739 738 circum.

46 785 73 828 25
95 779 179 841 effuge
192 786 217 827 et
230 779 294 827 haee
307 779 396 827 Turno
409 779 533 827 mandata
545 778 690 843 novissima
697 778 789 841 perfer,

94 868 216 916 succedat
229 882 331 930 pugnae
344 868 523 930 Troianosque
536 858 623 916 arceat
636 867 710 926 urbe„

94 956 197 1019 tamque
214 945 291 1004 vale?
315 956 391 1004 simul
410 956 449 1003 his
463 956 537 1004 cretis
550 955 684 1018 linquebat
696 955 819 1013 habenas,

95 1046 127 1092 ad
141 1052 235 1094 terram
248 1059 301 1091 non
314 1053 405 1107 sponte
418 1045 508 1092 fluens.
536 1050 591 1091 tum
604 1043 698 1105 frigida
711 1049 765 1091 toto

94 1134 229 1196 paullatim
242 1133 338 1182 exolvit
349 1148 376 1182 se
390 1129 502 1195 corpore
514 1133 635 1194 lentaque
648 1133 716 1180 eolla

46 1227 73 1270 30
94 1228 119 1270 et
131 1230 234 1284 captum
247 1222 298 1270 leto
312 1223 398 1284 posuit
410 1229 496 1284 caput,
511 1236 583 1269 arma
596 1221 753 1283 relinquens,

92 1311 196 1373 vitaque
209 1326 267 1358 cum
279 1312 377 1372 gemitu
390 1311 456 1372 fugit
468 1311 604 1372 indignata
616 1309 662 1357 sub
676 1309 789 1357 umbras.

94 1404 148 1446 tum
162 1413 220 1446 vcro
233 1400 365 1448 inmensus
378 1414 485 1461 surgens
499 1398 557 1448 ferit
570 1414 647 1447 aurea
660 1399 759 1447 clamor

94 1487 187 1544 sidera,
204 1488 303 1535 deiecta
316 1488 443 1536 crudescit
456 1502 544 1550 pugna
554 1485 676 1546 Camilla,

95 1575 229 1620 incurrunt
242 1575 313 1622 densi
326 1576 401 1622 simul
416 1575 499 1622 omnis
512 1575 588 1637 copia
601 1575 729 1622 Teucrum

46 1669 73 1712 35
95 1660 273 1723 Tyrrhenique
286 1662 363 1709 duces
377 1662 543 1723 Euandrique
555 1662 670 1709 Arcades
684 1663 749 1710 alae.

130 1751 166 1797 At
178 1748 279 1796 Triviae
293 1756 377 1797 custos
390 1749 533 1797 iantludum
547 1750 573 1796 in
586 1749 716 1796 montibus
730 1748 793 1811 Opis

95 1840 148 1887 alta
160 1839 231 1886 sedet
244 1838 350 1885 summis
365 1846 515 1900 spectatque
527 1837 645 1886 interrita
657 1851 772 1899 pugnas3

95 1937 173 1990 utque
187 1928 278 1989 procul
291 1927 377 1976 medio
391 1928 512 1976 iuvenum
525 1927 552 1974 in
566 1926 679 1974 clamore
693 1924 820 1973 furentum

95 2016 227 2078 prospexit
239 2015 304 2062 tristi
318 2016 451 2064 multatam
465 2024 546 2064 morte
561 2013 708 2072 Camillam,

46 2110 74 2152 to
96 2104 271 2166 ingemuitque
285 2104 406 2166 deditque
419 2104 465 2152 has
479 2105 531 2153 iuro
544 2110 648 2167 pectore
661 2116 744 2150 voces.

90 2183 152 2239 ‘lieu
166 2192 282 2250 nimium,
298 2191 379 2252 virgo,
396 2193 503 2240 nimium
517 2193 621 2241 crudele
634 2190 703 2240 luisti

95 2279 258 2340 supplicium,
274 2279 388 2327 Teucros
402 2289 496 2328 conata
508 2282 633 2329 lacessere
646 2277 732 2327 bellol

96 2380 142 2414 nec
155 2367 200 2413 tibi
215 2368 330 2416 desertae
344 2368 370 2414 in
385 2368 467 2416 dumis
481 2369 592 2417 coluisse
604 2368 717 2415 Diouem

95 2455 191 2517 profuit
204 2463 248 2502 aut
261 2463 361 2504 nostres
375 2471 463 2505 umero
476 2457 586 2519 gessisse
598 2456 713 2517 sagittas.

46 2550 74 2592 45
95 2559 147 2591 non
161 2552 247 2592 tamen
261 2545 408 2594 indecorem
422 2552 465 2595 tua
478 2554 503 2595 te
516 2545 605 2608 regina
618 2544 722 2605 reliquit

96 2639 207 2682 extremo
219 2633 272 2683 iam
284 2635 311 2683 in
326 2643 412 2687 morte
420 2627 859 2702 nequelroesineuom'maxemw

72 2713 192 2768 Vergilius.
654 2712 699 2758 ‘dl
