1808 2956
246 168 394 208 Aruernos
414 169 500 207 muna
517 170 559 208 xl.
741 161 799 208 471

73 325 217 386 gramineo,
234 325 331 403 donqm
344 324 454 382 Trinae,
470 325 501 373 de
515 325 626 386 caespite
639 326 718 374 vellit.

75 427 128 459 non
141 413 216 460 illum
229 413 301 460 tectis
315 413 392 471 ullae,
408 427 461 459 non
474 412 608 460 moenibus
623 413 696 462 urbes

75 515 197 563 accepere
210 516 294 562 neque
307 502 361 563 ipse
375 515 466 548 manus
480 500 579 548 feritate
593 501 720 549 dedisset:

75 597 208 651 pastorum
221 597 246 636 et
258 590 320 637 solis
334 589 420 650 exegit
433 587 563 634 montibus
576 603 675 636 aevom.

26 684 55 726 lO
74 678 117 726 hio
130 685 218 725 natam
232 678 257 724 in
272 678 355 724 dumis
368 678 486 738 interque
499 676 630 724 horrentia
643 677 725 724 lustra

74 766 223 814 armentalis
237 780 318 826 equae
331 765 449 812 mammis
464 770 488 811 et
501 765 567 812 lacte
580 764 663 812 ferino

74 854 196 911 nutribat,
212 854 305 901 teneris
318 854 466 912 inmulgens
480 851 559 899 ubera
572 850 660 899 labris.

74 950 153 1005 utque
167 944 262 1005 pedum
275 942 365 1004 primis
378 941 462 988 infans
475 939 583 1000 vestigia
596 939 692 1002 plantis

74 1032 209 1088 institerat,
225 1030 312 1077 iaculo
325 1029 425 1090 palmas
440 1027 548 1074 armavit
561 1036 636 1075 acuto

26 1124 54 1167 75
75 1119 226 1179 spiculaque
239 1132 271 1164 ex
284 1131 372 1165 umero
386 1131 480 1179 parvae
493 1115 628 1177 suspendit
641 1122 666 1164 et
679 1130 776 1164 arcum.

74 1219 121 1266 pro
135 1205 224 1252 crinali
238 1219 310 1262 auro,
326 1220 373 1266 pro
387 1206 481 1266 longae
494 1204 607 1265 tegmine
620 1205 714 1266 pallae,

75 1292 174 1353 tigridis
188 1294 294 1340 exuviae
307 1308 352 1354 per
366 1294 470 1340 dorsum
484 1309 499 1341 a
511 1293 604 1342 vertice
618 1293 740 1354 pendent.

74 1381 126 1428 tela
139 1382 282 1430 manniam
296 1388 350 1428 tum
363 1388 452 1429 tenera
464 1382 574 1444 puerilia
587 1381 661 1428 torsit

75 1477 99 1518 et
112 1470 218 1516 fundum
232 1469 305 1516 tereti
319 1469 414 1516 circum
428 1476 506 1531 capnt
518 1469 571 1531 egit
583 1468 685 1517 habena

26 1562 55 1606 30
75 1556 300 1617 Strymoniamque
313 1571 403 1617 gruem
417 1563 460 1604 aut
474 1557 561 1604 album
575 1556 667 1604 deiecit
680 1556 788 1604 olorem.

74 1644 170 1691 multae
183 1644 256 1690 illam
269 1643 362 1690 frustra
375 1643 508 1703 Tyrrhena
520 1658 566 1704 per
578 1643 674 1704 oppida
686 1651 780 1692 matres

75 1740 194 1794 optavere
208 1745 317 1788 nurum3
338 1731 394 1777 sola
407 1736 527 1777 contenta
539 1729 625 1778 Diana

74 1826 207 1869 aeternum
221 1818 331 1866 telorum
344 1825 369 1866 et
381 1817 533 1878 virginitatis
547 1831 661 1865 amorem

74 1910 226 1956 intemerata
240 1907 309 1955 colit.
337 1907 431 1954 vellem
444 1905 512 1952 haud
527 1913 644 1966 correpta
657 1905 746 1955 fuisset

26 2003 54 2045 35
75 1997 166 2045 militia
180 1997 234 2054 tali,
251 2002 344 2044 conata
357 1996 482 2044 lacessere
495 1993 624 2042 Teucros:

74 2101 135 2132 cara
148 2085 211 2132 mihi
226 2084 399 2146 comitumque
412 2083 478 2131 foret
491 2096 560 2130 nuuc
572 2096 625 2129 una
640 2095 764 2129 mearum.

74 2188 161 2220 verum
174 2188 231 2235 age,
248 2172 459 2235 quandoquidem
472 2171 531 2218 fatis
544 2176 668 2231 urguetur
680 2168 788 2227 acerbis,

75 2261 169 2315 labere.
186 2262 308 2324 nympha,
324 2261 385 2322 polo
399 2260 508 2322 finisque
521 2259 602 2306 invise
614 2258 730 2317 Latinos,

75 2349 152 2396 tristis
165 2350 209 2396 ubi
223 2351 336 2397 infausto
351 2347 518 2397 committitur
532 2347 617 2394 omine
630 2361 727 2408 pugna.

26 2444 55 2485 90
75 2437 139 2485 haec
153 2453 216 2499 cape
229 2445 254 2487 et
266 2439 383 2486 ultricem
396 2437 517 2500 pharetra
531 2437 651 2497 deprome
664 2434 800 2495 sagittam:

75 2527 124 2574 hac
137 2527 293 2588 quicumque
306 2541 408 2574 sacrum
420 2525 522 2573 violarit
534 2524 637 2571 volnere
651 2536 752 2584 corpus,

74 2615 140 2663 Tros
154 2615 273 2675 Italusue,
289 2615 354 2664 mihi
367 2615 463 2680 pariter
478 2614 524 2662 det
534 2610 800 2672 sanquineqoauas·
