1808 2956
80 179 138 228 502
316 188 342 227 P.
359 186 481 227 vanem
501 184 634 226 masonis
882 38 888 295 Ι

148 345 243 408 quippe
257 347 340 404 dolor,
357 345 441 393 omnis
454 343 524 391 stetit
535 343 589 390 imo
601 343 708 391 volnere
721 341 832 403 sanguis.
876 314 889 405 ἒ

148 434 252 498 iamque
264 442 353 482 secuta
365 448 479 490 manum,
494 432 568 479 nullo
583 439 701 493 cogente,
717 431 812 492 sagitta

149 523 246 571 excidit
258 530 335 585 atque
348 536 429 570 novae
442 520 540 569 rediere
554 520 581 567 in
594 519 705 582 pristina
718 519 793 568 vires.
889 532 894 597 ἰ

78 616 128 660 425
146 603 229 660 ‘arma
242 611 285 659 citi
299 615 435 672 properate
447 609 516 656 virol
538 609 600 670 quid
614 601 719 656 statisl’
744 608 813 671 Iapis

149 700 296 749 conclamat
308 698 457 761 primusque
470 698 569 744 animos
583 697 703 745 accendit
715 698 741 744 in
756 697 855 745 hostem.

145 778 209 836 ‘non
222 788 286 836 haec
299 786 418 834 humanis
432 786 533 848 opibus,
549 801 601 834 non
614 793 669 834 arte
682 787 809 848 magistra

146 877 308 940 proveniunt,
324 889 408 937 neque
421 881 454 933 te,
470 874 568 934 Aenea,
585 889 643 922 mea
656 875 766 924 dextera
778 879 863 924 semet:

146 965 229 1013 maior
242 965 297 1025 agit
309 965 372 1012 deus
386 973 463 1025 atque
477 977 556 1025 opera
569 963 601 1009 ad
615 963 717 1010 maiora
730 951 848 1012 remittit'

75 1059 127 1101 430
147 1053 190 1101 illc
205 1053 294 1100 avidus
307 1066 410 1114 pugnae
423 1066 496 1099 suras
509 1051 649 1099 incluserat
662 1066 726 1099 auro

146 1141 207 1189 hinc
233 1148 309 1203 atque
335 1140 396 1188 hinc
421 1140 527 1201 oditque
552 1154 637 1188 moras
661 1140 816 1203 hastamque
833 1151 865 1186 co

448 1235 542 1276 ruscat.

146 1323 284 1378 postquam
297 1315 391 1364 habilis
404 1317 478 1365 lateri
494 1317 590 1379 clipeus
605 1316 740 1379 loricaque
752 1322 851 1380 tergest,

146 1404 289 1453 Ascanium
302 1404 365 1452 fusis
379 1406 475 1453 circum
489 1405 660 1467 conplectitur
673 1407 753 1454 armis

146 1507 298 1556 summaque
311 1508 356 1556 per
368 1495 472 1555 galeam
486 1494 603 1543 delibans
617 1495 709 1542 oscula
722 1494 791 1542 fatur

76 1586 126 1629 435
145 1571 235 1641 ‘disee²
250 1597 322 1644 puer,
338 1583 456 1632 virtutem
471 1599 502 1633 ex
515 1598 555 1631 me
568 1597 709 1645 verumque
722 1584 842 1639 laborem,

147 1670 277 1719 fortunam
290 1686 322 1719 ex
335 1671 401 1719 aliis.
429 1672 809 1721 nunetemeadexterabello
900 1650 903 1665 Ι

148 1760 280 1807 defensum
294 1760 366 1807 dabit
378 1767 404 1808 et
416 1776 511 1823 magna
524 1761 590 1808 inter
602 1760 719 1822 praemia
733 1761 818 1809 ducet.

148 1853 174 1894 tu
188 1848 276 1907 facito,
292 1863 353 1896 mox
367 1865 425 1896 eum
437 1856 538 1898 matura
551 1849 692 1897 adoleverit
705 1858 787 1908 aetas,

147 1936 181 1983 sis
195 1951 294 1984 memor
307 1944 332 1985 et
344 1944 369 1984 te
382 1938 468 1985 animo
482 1945 640 2000 repetentem
648 1939 868 2000 exemplatuornm

77 2028 127 2070 440
148 2031 172 2071 et
185 2031 256 2086 pater
269 2026 371 2073 Aeneas
385 2033 410 2073 et
423 2028 564 2075 avonculus
578 2027 671 2075 excitet
684 2023 799 2074 Hector.³

183 2112 254 2161 Haec
267 2114 311 2161 ubi
324 2115 393 2162 dicta
407 2116 485 2174 dedit,
507 2116 587 2178 portis
600 2129 655 2163 sese
669 2116 764 2163 extulit
775 2117 869 2176 ingens,

147 2202 227 2248 telum
238 2202 342 2251 inmane
354 2217 433 2251 menn
444 2203 562 2266 quatiens
572 2220 578 2262 3
593 2203 669 2250 simul
681 2204 787 2264 agmine
798 2203 871 2252 denso

147 2290 317 2353 Antheusque
327 2291 529 2354 Mnestheusque
542 2300 619 2339 ruont
632 2292 769 2354 omnisque
782 2292 872 2342 relictis

147 2378 222 2426 turba
234 2379 290 2426 fluit
303 2380 401 2427 castris.
430 2387 484 2427 tum
498 2395 575 2429 caeco
589 2381 693 2443 pulvere
707 2397 815 2446 campus

78 2470 127 2513 445
148 2466 268 2515 miscetur
280 2468 408 2530 pulsuque
422 2469 517 2530 pedum
531 2469 616 2516 tremit
628 2469 713 2517 excita
726 2471 813 2519 tellus.

147 2554 210 2602 vidit
223 2555 255 2604 ab
270 2557 377 2604 adverso
390 2557 520 2606 venientes
535 2572 629 2619 aggere
642 2558 757 2618 Turnus,
820 2603 823 2609 ,

141 2647 229 2701 videre
242 2648 370 2712 Ausonii,
387 2648 545 2714 gelidusque
555 2660 602 2708 nei
612 2646 670 2692 ima
680 2649 795 2692 encomia
