1808 2956
264 185 411 225 Aruernos
427 187 513 224 arnan
530 187 583 226 ΧΠ.
766 178 823 224 501

98 343 163 391 scire
177 349 314 405 potestates
328 342 465 391 herbarum
478 358 604 405 usumque
618 343 737 391 medendi

98 432 191 480 maluit
203 437 228 478 et
240 438 323 478 mutas
337 432 435 492 agitare
449 431 574 492 inglorius
588 432 659 479 artis.

98 520 184 568 stabat
196 519 288 567 acerba
302 519 425 578 fremens,
441 520 573 581 ingentem
585 520 661 568 nixus
675 521 701 567 in
716 521 825 580 hastam,

98 609 210 666 Aeneas,
226 623 321 669 magno
335 608 454 655 iuvenum
468 614 493 655 et
506 609 641 655 maerentis
655 607 705 656 Iuli

52 704 78 745 )0
99 711 235 756 concursu,
251 697 363 744 lacrimis
377 695 517 744 inmobilis.
545 696 590 744 ille
604 704 699 744 retorto

97 786 240 833 Paeonium
253 784 279 830 in
293 800 391 832 morem
404 784 490 832 senior
503 785 648 833 succinctus
662 765 756 833 amictu

98 875 181 922 multa
193 889 272 922 manu
285 875 386 922 medica
399 873 549 935 Phoebique
563 874 710 935 potentibus
724 873 810 921 herbis

98 962 257 1025 nequiquam
270 963 389 1025 trepidat,
406 962 564 1024 nequiquam
577 962 677 1037 spicula
691 962 781 1009 dextra

99 1051 223 1099 sollicitat
235 1059 389 1114 prensatque
404 1051 488 1099 tenaci
501 1051 598 1113 forcipe
615 1044 718 1098 serrum.

52 1144 79 1186 J5
100 1140 173 1187 nulla
185 1141 253 1189 vium
266 1141 380 1188 Fortuna
393 1140 467 1201 regit,
484 1138 548 1187 nihil
563 1146 653 1187 auctor
665 1139 763 1200 Apollo

100 1228 225 1288 subvenit,
246 1236 271 1276 ct
288 1244 376 1277 saevos
391 1227 487 1289 campis
501 1228 584 1289 magis
598 1243 627 1275 ac
640 1227 723 1289 magis
736 1226 829 1274 horror

100 1317 236 1365 crebrescit
260 1319 418 1381 propiusque
444 1318 541 1364 malum
566 1323 612 1365 est.
646 1317 698 1365 iam
723 1317 828 1379 pulvere

402 1406 502 1454 caelum

100 1500 167 1541 stare
180 1493 275 1551 vident,
298 1493 459 1555 subeuntque
472 1495 571 1556 equites
584 1501 609 1541 et
622 1493 722 1555 spicula
739 1491 828 1540 castris

101 1580 181 1625 densa
195 1580 290 1626 cadunt
302 1581 401 1628 mediis.
429 1582 448 1629 it
461 1584 539 1631 tristis
554 1583 585 1631 ad
601 1582 705 1629 aethera
718 1581 817 1628 clamor

52 1675 80 1716 l0
101 1667 245 1714 bellantum
258 1667 376 1714 iuvenum
391 1677 415 1716 ct
428 1670 492 1717 duro
506 1670 552 1718 sub
565 1671 648 1717 Marte
662 1669 807 1717 cadentum.

101 1756 142 1803 hic
156 1754 253 1813 Venus,
269 1754 376 1815 indigno
390 1757 443 1804 nati
458 1773 583 1806 concussa
596 1757 695 1815 dolore,

101 1845 258 1892 dictamnum
271 1843 388 1904 genetrix
402 1843 511 1893 Cretaea
524 1846 606 1908 carpit
619 1845 650 1893 ab
664 1845 720 1904 Ida,

100 1932 240 1996 puberibus
253 1932 354 1980 caulem
367 1932 436 1979 foliis
449 1939 474 1980 et
485 1933 548 1981 flore
562 1941 706 1981 comantem

100 2035 246 2084 pnrpure0;
267 2035 323 2070 non
334 2021 380 2067 illa
393 2020 452 2068 feris
466 2021 599 2082 incognita
613 2023 696 2084 capris

52 2115 79 2158 15
100 2111 226 2172 gramina,
243 2125 301 2158 cum
315 2117 387 2170 tergo
401 2109 517 2157 volucres
532 2110 636 2157 haesere
649 2111 766 2171 sagittae.

101 2200 150 2247 hoc
163 2200 260 2258 Venus,
276 2200 386 2246 obscuro
400 2198 492 2245 l'aciem
506 2198 664 2246 circumdata
678 2199 775 2257 nimbo,

101 2288 201 2346 detulit,
217 2288 267 2336 hoc
280 2288 365 2334 fusum
380 2287 457 2334 labris
471 2286 665 2349 splendentibus
679 2301 781 2334 amnem

100 2376 190 2434 inlicit,
207 2377 307 2425 occulte
321 2376 461 2432 medicans,
478 2375 626 2436 spargitque
639 2374 749 2422 salubris

100 2464 246 2513 ambrosiae
258 2480 334 2513 sucos
349 2473 374 2512 et
387 2463 543 2512 odoriferam
556 2478 707 2526 panaceam.

52 2558 81 2600 20
101 2551 164 2598 fovit
177 2567 207 2601 ea
220 2553 311 2600 volnus
325 2554 430 2616 lympha
444 2553 582 2614 longaevos
596 2551 664 2613 lapis

98 2641 230 2701 ignorans,
247 2642 389 2709 subitoque
403 2643 492 2694 omnis
506 2643 540 2693 de
554 2635 760 2704 commanos*
