1808 2956
247 203 394 241 AENEIDOS
416 204 500 241 LIBER
515 206 557 242 XI.
737 198 797 244 477

73 374 153 420 quam
166 358 241 406 facile
255 359 377 420 accipiter
390 374 453 406 saxo
467 374 538 407 secer
552 361 604 408 ales
619 361 650 407 ab
665 363 718 408 alto

74 447 241 508 consequitur
254 447 339 508 pinnis
352 446 489 494 sublimem
501 447 528 494 in
542 447 609 496 nube
623 449 770 497 columbam

74 549 297 597 conprensamque
316 542 385 583 tenet
402 535 562 604 pedibusrme
576 537 699 585 eviscerat
711 538 801 598 uncis;

73 629 127 670 tum
142 639 218 671 cruor
230 631 255 670 et
267 624 354 671 volsae
367 607 489 671 labuntur
503 623 534 670 ob
549 625 651 673 aethere
664 626 776 687 plumae.

28 719 51 762 25
109 714 145 760 At
164 727 217 759 non
237 712 301 760 haee
320 713 399 760 nullis
418 712 552 759 hominum
570 721 639 760 sator
652 721 729 776 atque
743 715 803 763 deo-

375 816 431 848 rum

75 889 211 936 obscurans
225 890 307 937 oeulis
321 904 421 937 summo
434 890 506 937 sedet
519 890 585 937 altus
599 888 719 952 Olympo.

75 977 236 1038 Tyrrhenum
249 979 351 1039 genitor
364 978 527 1026 Tarchonem
540 979 567 1024 in
580 979 679 1040 proelia
692 993 768 1027 saeva

75 1066 181 1112 suscitat
194 1073 219 1114 et
231 1066 341 1114 stimulis
354 1066 424 1112 haud
438 1066 560 1113 mollibus
573 1066 646 1114 inicit
657 1067 718 1114 iras,

75 1165 136 1212 ergo
149 1153 215 1201 inter
229 1156 319 1203 caedes
334 1155 503 1216 cedentiaque
517 1155 621 1216 agmina
634 1155 755 1203 Tarchon

28 1246 56 1288 30
76 1239 155 1287 fertur
167 1255 232 1302 equo
246 1245 374 1306 variisque
386 1244 494 1305 instigat
505 1244 610 1291 vocibus
624 1244 688 1301 alas,

77 1327 180 1377 nomine
205 1345 332 1395 quemque
357 1347 466 1391 vocene,
495 1333 627 1395 reficitque
651 1333 678 1378 in
704 1333 805 1395 proelia

375 1421 472 1482 pulsos.

75 1505 141 1568 ‘quis
154 1513 246 1564 metus,
262 1522 277 1554 o
291 1522 433 1570 numquam
444 1509 557 1566 dolituri,
574 1523 699 1572 osemper
708 1511 803 1558 inertes

76 1593 212 1654 Tyrrheni,
228 1609 294 1655 quae
308 1601 380 1642 tanta
394 1596 486 1643 animis
499 1597 603 1657 ignavia
615 1598 702 1645 venit?

76 1681 302 1748 femineJralantes
316 1683 459 1744 agitatque
473 1683 536 1730 haec
550 1685 655 1744 agmina
667 1686 759 1734 vertit?

28 1776 56 1820 35
77 1785 128 1833 quo
148 1769 243 1817 serrum
263 1769 355 1832 quidve
370 1770 439 1818 haee
458 1772 570 1832 gerimus
587 1773 639 1820 tela
652 1773 729 1821 inrita
743 1775 804 1823 dex-

377 1858 439 1905 tris?

76 1954 103 1994 at
114 1961 167 1994 non
180 1947 207 1993 in
220 1946 348 1994 Venerem
360 1961 451 2008 segnes
465 1954 642 2009 nocturnaque
655 1947 725 1996 bella

76 2044 128 2094 aut,
145 2036 188 2082 ubi
202 2050 279 2083 curva
292 2034 384 2083 choros
397 2036 491 2083 indixit
504 2035 568 2083 tibia
579 2034 686 2094 Bacchi,

77 2132 212 2186 expectere
226 2124 304 2186 dapes
319 2131 343 2171 et
356 2124 448 2186 plenae
462 2125 557 2187 pocula
569 2138 674 2172 mensae

77 2210 131 2273 (hic
145 2227 225 2271 amor,
241 2213 291 2260 hoc
304 2213 438 2275 studium),
457 2214 518 2261 dum
531 2228 605 2261 sacra
618 2212 745 2261 secundus
759 2212 804 2261 he·

377 2315 471 2362 ruspex

28 2393 57 2435 40
77 2385 178 2434 nuntiet
191 2402 221 2435 ac
234 2388 306 2436 lucos
319 2396 392 2436 vocet
404 2389 490 2437 hostia
502 2389 606 2451 pinguis
620 2389 646 2435 in
660 2381 746 2437 altos.'

77 2473 141 2521 hoec
154 2474 243 2522 effatus
257 2490 331 2524 ecum
344 2477 370 2523 in
384 2477 491 2536 medios,
506 2478 644 2525 moriturus
659 2484 684 2525 et
695 2478 759 2540 ipse,

74 2562 187 2610 concitat
200 2571 225 2611 et
236 2563 339 2612 Venulo
353 2566 487 2614 adversum
501 2580 528 2614 se
541 2565 662 2614 turbidus
675 2566 757 2611 ehem

75 2651 258 2714 dereptumque
271 2652 304 2701 ab
319 2668 388 2719 equo
403 2656 501 2708 dextra
513 2653 703 2719 conuleeheur
713 2648 838 2692 *nossem
