1808 2956
91 64 99 109 l
111 66 123 108 ‘l
133 65 146 108 li
325 72 351 110 Ρ.
370 72 491 110 VERGILI
512 72 641 110 MARONIS

155 236 234 276 testor
246 228 273 275 iu
287 243 380 276 occasu
394 236 477 275 restro
497 243 544 275 nec
558 229 609 276 tela
623 243 669 275 uec
682 228 748 275 ullas

154 317 272 366 vitavisse
286 318 361 375 vices,
377 317 499 365 Danaum
513 326 545 375 et,
562 319 581 365 si
597 319 649 366 satu
663 319 779 365 luissent.

155 416 182 454 ut
196 407 313 455 caderem
326 407 448 453 memisse
462 421 548 452 manu.
578 407 722 454 divellimur
736 407 808 453 iude:

84 500 134 542 435
155 495 254 558 Iphitus
268 503 292 543 ct
306 496 390 543 Pelias
405 510 505 542 meeum
519 494 640 556 (quorum
654 496 753 557 Iphitus
769 512 831 542 aero

154 584 205 633 iam
219 584 329 645 gravior,
346 585 430 632 Pelias
444 591 468 631 et
482 585 584 630 reluere
599 585 685 631 tardus
699 584 782 644 Ulixi)

154 674 270 736 protinus
285 675 317 722 ad
331 674 403 720 sedes
417 673 512 720 Priami
528 674 641 719 claruere
655 673 747 720 vocati.

153 762 195 810 bie
209 777 268 810 rere
283 762 413 821 ingentem
427 776 550 823 pugnam,
568 776 613 808 eeu
628 770 712 807 cetera
725 775 853 823 nusquam

154 851 222 899 bella
235 851 326 908 forent,
344 850 408 896 uulli
422 858 475 896 tota
489 859 648 896 morerentur
662 850 688 895 iu
703 849 773 906 urbe,

83 944 133 986 440
152 940 188 987 sie
201 940 310 987 Martem
324 939 477 985 indomitum
487 938 645 1000 Danaosque
659 939 691 985 ad
707 945 773 985 tecta
787 938 882 984 ruentis

154 1028 280 1075 ceruimus
295 1027 478 1088 obsessumque
492 1035 550 1073 aeta
563 1027 689 1074 testudine
704 1026 791 1072 limen.

153 1115 259 1163 haerent
272 1115 411 1178 parietilms
425 1115 519 1172 scalae,
536 1115 666 1178 postisque
682 1114 728 1160 sub
743 1114 813 1176 ipsos

153 1205 269 1252 nituntur
281 1204 403 1264 grrrdibns
418 1204 565 1266 clipeosque
580 1204 611 1250 ad
626 1204 676 1251 tela
690 1203 796 1249 sinistris

154 1293 261 1356 protecti
277 1293 399 1351 obiciunt,
416 1300 538 1355 prensant
552 1292 654 1352 fastigia
669 1292 772 1338 dextris.

82 1386 132 1429 445
152 1382 319 1430 Dardanidae
333 1389 423 1429 eontra
436 1381 511 1428 turris
526 1397 555 1428 ae
569 1389 636 1428 tecta
650 1381 786 1428 domm-um

154 1471 437 1528 culmiuacom'ellrmt3
453 1470 534 1528 bisse,
552 1470 878 1531 quandoultimaccrnunt.

153 1566 266 1608 extrema
280 1560 331 1607 iam
344 1560 371 1606 iu
384 1567 466 1606 morte
480 1565 571 1621 parant
585 1558 721 1605 deleudcre
735 1558 808 1617 telis3

153 1656 306 1710 auratasque
320 1647 417 1706 trabes,
434 1656 547 1694 veterum
561 1648 654 1694 decora
668 1647 721 1693 alta
734 1656 878 1708 pareutum.

153 1738 302 1784 devolvent:
325 1737 368 1785 alii
383 1737 477 1783 strictis
491 1735 656 1783 mucronibus
670 1735 734 1782 imas

82 1830 132 1873 450
153 1826 275 1874 obsedere
288 1827 371 1883 sores3
392 1826 437 1872 bas
452 1833 552 1872 seruant
566 1824 668 1884 agmine
683 1825 771 1871 denso.

152 1915 286 1963 instaurati
300 1915 378 1962 animi
392 1915 458 1975 regis
472 1927 620 1960 succurrere
633 1913 705 1959 tectis

152 2004 301 2066 auxilioque
315 2003 399 2050 levare
413 2003 479 2048 riros
493 2003 594 2063 vimque
608 2002 702 2048 addere
717 2001 797 2047 victis.

187 2093 278 2140 Limen
292 2100 346 2140 erat
360 2107 502 2154 caecaeque
516 2090 583 2138 sores
597 2100 621 2138 et
634 2090 734 2152 pervius
749 2106 809 2136 usus

151 2189 276 2229 tectorum
289 2181 355 2228 inter
369 2197 395 2228 se
408 2181 502 2228 Priami
517 2188 655 2242 pestesque
669 2179 751 2226 relicti

81 2275 130 2318 455
151 2287 167 2318 a
180 2278 261 2331 tergo,
277 2270 367 2317 infelix
381 2286 432 2331 qua
445 2285 480 2329 se,
497 2271 557 2316 dum
570 2283 651 2329 regna
664 2267 812 2323 innuebant,

150 2360 252 2422 saepius
267 2359 448 2406 Andromache
462 2359 527 2406 serre
541 2359 692 2406 incomitata
705 2356 805 2405 solebat

149 2448 182 2494 ad
196 2463 299 2495 soceros
313 2455 338 2495 et
351 2461 397 2494 aro
412 2462 518 2509 puerum
532 2447 690 2506 Astyauaeta
703 2445 829 2493 trahebat.

130 2534 218 2579 erardo
231 2536 378 2584 adsummi
393 2536 502 2600 fastigia
516 2534 646 2593 culminis,
660 2535 730 2581 unde
