1808 2956
76 181 134 228 194
313 187 339 226 Ρ.
357 187 479 226 variola]
500 185 630 225 MARONIS

91 350 123 394 65
144 354 169 394 et
181 345 278 394 circum
290 343 385 392 Iliades
399 343 496 391 crinem
509 342 540 390 de
553 356 624 389 more
638 342 737 389 solutae
748 359 754 400 3

143 433 275 481 inserimus
289 433 377 495 tepido
391 432 539 495 spumantia
552 431 653 493 cymbia
665 431 740 487 lactc,

143 521 276 584 sanguinis
290 528 315 569 et
327 521 393 568 sacri
407 528 518 583 pateras,
534 519 699 581 animamque
712 519 851 581 sepulchro

143 610 279 658 condimus
293 615 318 656 et
330 623 426 671 magna
438 623 586 671 supremum
598 622 660 656 voce
674 608 778 656 ciemus.

178 699 243 747 Inde
255 699 298 746 ubi
312 698 396 760 prima
408 697 471 745 fides
485 698 587 760 pelago,
603 697 758 759 placataque
771 697 840 744 venti

92 792 124 836 70
145 787 207 835 dant
219 787 301 835 maria
314 793 339 834 et
351 786 416 834 lenis
429 787 557 849 crepitans
569 793 645 834 vocat
656 785 773 832 austerin
781 786 872 844 altum,

144 876 275 923 deducunt
287 875 350 924 socii
364 890 441 923 naves
455 882 479 923 et
492 875 569 923 litora
582 875 712 936 conplent.

143 963 308 1027 provehimur
320 970 396 1026 portu
409 971 543 1025 terraeque
556 963 684 1025 urbesque
696 963 828 1010 recedunt.

144 1067 217 1100 sacra
230 1052 294 1100 mari
309 1052 402 1100 colitur
414 1053 500 1100 medio
513 1052 660 1113 gratissima
673 1052 749 1099 tellus

144 1139 283 1188 Nereidum
295 1141 371 1188 matri
385 1146 411 1189 et
422 1139 542 1202 Neptuno
555 1142 671 1202 Aegaeo,

93 1233 124 1278 75
145 1243 223 1290 quam
236 1228 294 1290 pius
307 1229 472 1290 arquitenens
486 1242 544 1275 oras
558 1236 583 1276 et
596 1229 673 1276 litora
686 1229 782 1277 circum

145 1323 272 1364 errantem
284 1316 396 1378 Mycono
410 1317 480 1365 celsa
492 1314 630 1379 Gyaroque
644 1318 754 1365 revinxit

144 1405 322 1467 inmotamque
336 1406 393 1481 coli
401 1406 472 1453 dedit
484 1412 509 1453 et
522 1412 686 1454 contemnere
698 1414 796 1453 ventos.

144 1493 196 1540 huc
208 1492 285 1552 feror,
300 1493 365 1542 haec
378 1493 458 1541 fessos
472 1500 526 1541 tuto
539 1495 716 1556 placidissima
729 1504 804 1557 portu

145 1581 247 1644 accipit.
276 1582 372 1643 egressi
385 1597 537 1630 veneramur
550 1583 681 1645 Apollinis
694 1583 793 1631 urbem.

92 1675 125 1718 80
145 1685 189 1719 rex
202 1671 301 1730 Anius,
325 1685 372 1720 rex
390 1671 459 1720 idem
476 1671 611 1719 hominum
624 1671 775 1734 Phoebique
792 1687 875 1721 sacer·

446 1761 502 1819 dos,

144 1848 212 1895 vittis
226 1855 251 1896 et
263 1862 337 1896 sacra
348 1848 481 1896 redimitus
495 1857 612 1911 tempora
624 1850 708 1907 lauro,

145 1937 265 1996 occurrit,
280 1943 391 1985 veterem
403 1938 535 1986 Anchisen
550 1937 686 1998 adgnoscit
698 1938 827 1997 amicum;

145 2024 276 2085 iungimus
290 2025 402 2087 hospitio
417 2027 519 2074 dextras
533 2032 558 2073 et
570 2031 638 2073 tecta
651 2026 774 2073 subimus.

181 2113 291 2175 Templa
304 2114 344 2162 dei
358 2129 422 2161 saxo
435 2113 577 2162 venerabar
590 2120 686 2162 structa
698 2123 814 2163 vetusto:

93 2205 125 2249 st
143 2190 188 2249 ‘da
206 2202 352 2264 propriam,
374 2202 551 2265 Thymbraee,
577 2203 697 2262 domum,
722 2205 755 2251 da
772 2205 877 2254 moenis

448 2291 520 2339 fessis

146 2385 171 2426 et
183 2392 264 2439 genus
278 2385 303 2427 et
315 2393 464 2428 mansuram
476 2380 582 2440 urhem3
602 2395 675 2428 serva
688 2382 769 2429 altera
781 2382 877 2432 Troiae

146 2467 281 2528 Pergama,
298 2467 420 2529 reliquias
433 2468 555 2517 Danaum
568 2476 645 2532 atque
658 2471 754 2518 inmitis
765 2471 873 2519 Achilli.

142 2569 220 2614 quem
232 2556 382 2618 sequimur?
395 2557 618 2620 quorcireiuhes?
631 2558 876 2621 ubiponeresedes?

124 2639 168 2697 da,
179 2652 271 2705 pater,
288 2647 444 2712 augurium,
456 2640 877 2714 atqueanimisinlaherenostr'xsT
