<?xml version="1.0" encoding="UTF-8"?>
<!DOCTYPE html PUBLIC "-//W3C//DTD XHTML 1.0 Transitional//EN"
    "http://www.w3.org/TR/xhtml1/DTD/xhtml1-transitional.dtd">
<html xmlns="http://www.w3.org/1999/xhtml" xml:lang="en" lang="en">
 <head>
  <title>
</title>
<meta http-equiv="Content-Type" content="text/html;charset=utf-8" />
  <meta name='ocr-system' content='tesseract 3.04.00' />
  <meta name='ocr-capabilities' content='ocr_page ocr_carea ocr_par ocr_line ocrx_word'/>
</head>
<body>
  <div class='ocr_page' id='page_1' title='image "./pvergiliusmaro00virggoog/pvergiliusmaro00virggoog_0061.png"; bbox 0 0 1808 2956; ppageno 0'>
   <div class='ocr_carea' id='block_1_1' title="bbox 299 179 613 219">
    <p class='ocr_par' dir='ltr' id='par_1_1' title="bbox 299 179 613 219">
     <span class='ocr_line' id='line_1_1' title="bbox 299 179 613 219; baseline 0.003 -1"><span class='ocrx_word' id='word_1_1' title='bbox 299 181 324 219; x_wconf 89' lang='lat' dir='ltr'>P.</span> <span class='ocrx_word' id='word_1_2' title='bbox 342 179 463 219; x_wconf 82' lang='lat' dir='ltr'>VERGILI</span> <span class='ocrx_word' id='word_1_3' title='bbox 483 179 613 219; x_wconf 73' lang='lat' dir='ltr'>Manonls</span> 
     </span>
    </p>
   </div>
   <div class='ocr_carea' id='block_1_2' title="bbox 60 337 848 1462">
    <p class='ocr_par' dir='ltr' id='par_1_2' title="bbox 60 337 848 1462">
     <span class='ocr_line' id='line_1_2' title="bbox 130 337 734 399; baseline 0 -14"><span class='ocrx_word' id='word_1_4' title='bbox 130 337 257 399; x_wconf 89' lang='lat' dir='ltr'>incipiunt</span> <span class='ocrx_word' id='word_1_5' title='bbox 271 337 369 399; x_wconf 84' lang='lat' dir='ltr'>agitata</span> <span class='ocrx_word' id='word_1_6' title='bbox 381 344 522 385; x_wconf 79' lang='lat' dir='ltr'>tumescere</span> <span class='ocrx_word' id='word_1_7' title='bbox 535 344 560 384; x_wconf 90' lang='lat' dir='ltr'>et</span> <span class='ocrx_word' id='word_1_8' title='bbox 573 337 660 385; x_wconf 85' lang='lat' dir='ltr'>aridus</span> <span class='ocrx_word' id='word_1_9' title='bbox 674 337 734 385; x_wconf 87' lang='lat' dir='ltr'>altis</span> 
     </span>
     <span class='ocr_line' id='line_1_3' title="bbox 129 425 770 488; baseline 0 -14"><span class='ocrx_word' id='word_1_10' title='bbox 129 425 260 474; x_wconf 90' lang='lat' dir='ltr'>montibus</span> <span class='ocrx_word' id='word_1_11' title='bbox 274 426 356 473; x_wconf 76' lang='lat' dir='ltr'>aridiri</span> <span class='ocrx_word' id='word_1_12' title='bbox 371 425 458 486; x_wconf 83' lang='lat' dir='ltr'>fragor</span> <span class='ocrx_word' id='word_1_13' title='bbox 472 432 516 472; x_wconf 87' lang='lat' dir='ltr'>aut</span> <span class='ocrx_word' id='word_1_14' title='bbox 529 426 678 473; x_wconf 82' lang='lat' dir='ltr'>resonantia</span> <span class='ocrx_word' id='word_1_15' title='bbox 691 427 770 488; x_wconf 84' lang='lat' dir='ltr'>longe</span> 
     </span>
     <span class='ocr_line' id='line_1_4' title="bbox 130 514 839 564; baseline -0.004 -1"><span class='ocrx_word' id='word_1_16' title='bbox 130 516 208 564; x_wconf 82' lang='lat' dir='ltr'>litora</span> <span class='ocrx_word' id='word_1_17' title='bbox 220 514 320 562; x_wconf 84' lang='lat' dir='ltr'>misceri</span> <span class='ocrx_word' id='word_1_18' title='bbox 334 521 359 562; x_wconf 89' lang='lat' dir='ltr'>et</span> <span class='ocrx_word' id='word_1_19' title='bbox 372 529 506 562; x_wconf 90' lang='lat' dir='ltr'>nemorum</span> <span class='ocrx_word' id='word_1_20' title='bbox 519 514 707 562; x_wconf 88' lang='lat' dir='ltr'>increbrescere</span> <span class='ocrx_word' id='word_1_21' title='bbox 721 529 839 562; x_wconf 87' lang='lat' dir='ltr'>murmur.</span> 
     </span>
     <span class='ocr_line' id='line_1_5' title="bbox 60 602 848 664; baseline -0.006 -11"><span class='ocrx_word' id='word_1_22' title='bbox 60 609 111 653; x_wconf 81' lang='lat'>360</span> <span class='ocrx_word' id='word_1_23' title='bbox 130 605 183 652; x_wconf 85' lang='lat' dir='ltr'>ianr</span> <span class='ocrx_word' id='word_1_24' title='bbox 195 604 243 652; x_wconf 90' lang='lat' dir='ltr'>sibi</span> <span class='ocrx_word' id='word_1_25' title='bbox 256 610 311 650; x_wconf 91' lang='lat' dir='ltr'>tum</span> <span class='ocrx_word' id='word_1_26' title='bbox 324 619 340 650; x_wconf 86' lang='lat' dir='ltr'>a</span> <span class='ocrx_word' id='word_1_27' title='bbox 353 604 434 651; x_wconf 79' lang='lat' dir='ltr'>curvis</span> <span class='ocrx_word' id='word_1_28' title='bbox 448 603 516 650; x_wconf 84' lang='lat' dir='ltr'>male</span> <span class='ocrx_word' id='word_1_29' title='bbox 529 609 654 664; x_wconf 86' lang='lat' dir='ltr'>temperat</span> <span class='ocrx_word' id='word_1_30' title='bbox 667 604 738 651; x_wconf 88' lang='lat' dir='ltr'>unda</span> <span class='ocrx_word' id='word_1_31' title='bbox 753 602 848 658; x_wconf 77' lang='lat' dir='ltr'>camnis,</span> 
     </span>
     <span class='ocr_line' id='line_1_6' title="bbox 131 691 789 754; baseline 0 -13"><span class='ocrx_word' id='word_1_32' title='bbox 131 708 189 741; x_wconf 90' lang='lat' dir='ltr'>curn</span> <span class='ocrx_word' id='word_1_33' title='bbox 202 693 287 741; x_wconf 90' lang='lat' dir='ltr'>medio</span> <span class='ocrx_word' id='word_1_34' title='bbox 302 693 396 740; x_wconf 87' lang='lat' dir='ltr'>celeres</span> <span class='ocrx_word' id='word_1_35' title='bbox 409 691 525 738; x_wconf 89' lang='lat' dir='ltr'>revolant</span> <span class='ocrx_word' id='word_1_36' title='bbox 537 705 568 738; x_wconf 90' lang='lat' dir='ltr'>cx</span> <span class='ocrx_word' id='word_1_37' title='bbox 582 705 694 753; x_wconf 82' lang='lat' dir='ltr'>aequore</span> <span class='ocrx_word' id='word_1_38' title='bbox 707 693 789 754; x_wconf 85' lang='lat' dir='ltr'>mergi</span> 
     </span>
     <span class='ocr_line' id='line_1_7' title="bbox 131 780 809 844; baseline -0.003 -14"><span class='ocrx_word' id='word_1_39' title='bbox 131 783 322 844; x_wconf 87' lang='lat' dir='ltr'>clamoremque</span> <span class='ocrx_word' id='word_1_40' title='bbox 335 781 420 829; x_wconf 90' lang='lat' dir='ltr'>ferunt</span> <span class='ocrx_word' id='word_1_41' title='bbox 433 780 464 827; x_wconf 86' lang='lat' dir='ltr'>ad</span> <span class='ocrx_word' id='word_1_42' title='bbox 479 780 556 826; x_wconf 85' lang='lat' dir='ltr'>litora</span> <span class='ocrx_word' id='word_1_43' title='bbox 569 795 680 842; x_wconf 91' lang='lat' dir='ltr'>cumque</span> <span class='ocrx_word' id='word_1_44' title='bbox 693 782 809 829; x_wconf 87' lang='lat' dir='ltr'>marinae</span> 
     </span>
     <span class='ocr_line' id='line_1_8' title="bbox 131 869 709 930; baseline -0.002 -12"><span class='ocrx_word' id='word_1_45' title='bbox 131 871 158 918; x_wconf 95' lang='lat' dir='ltr'>in</span> <span class='ocrx_word' id='word_1_46' title='bbox 171 872 239 919; x_wconf 89' lang='lat' dir='ltr'>sicco</span> <span class='ocrx_word' id='word_1_47' title='bbox 253 871 347 919; x_wconf 87' lang='lat' dir='ltr'>ludunt</span> <span class='ocrx_word' id='word_1_48' title='bbox 359 869 454 917; x_wconf 81' lang='lat' dir='ltr'>fulicae</span> <span class='ocrx_word' id='word_1_49' title='bbox 467 875 592 930; x_wconf 88' lang='lat' dir='ltr'>notasque</span> <span class='ocrx_word' id='word_1_50' title='bbox 605 869 709 930; x_wconf 88' lang='lat' dir='ltr'>paludis</span> 
     </span>
     <span class='ocr_line' id='line_1_9' title="bbox 132 957 789 1020; baseline -0.003 -14"><span class='ocrx_word' id='word_1_51' title='bbox 132 959 225 1006; x_wconf 88' lang='lat' dir='ltr'>deserit</span> <span class='ocrx_word' id='word_1_52' title='bbox 238 968 314 1020; x_wconf 86' lang='lat' dir='ltr'>atque</span> <span class='ocrx_word' id='word_1_53' title='bbox 328 959 407 1005; x_wconf 86' lang='lat' dir='ltr'>altam</span> <span class='ocrx_word' id='word_1_54' title='bbox 421 972 499 1019; x_wconf 88' lang='lat' dir='ltr'>supra</span> <span class='ocrx_word' id='word_1_55' title='bbox 511 957 580 1004; x_wconf 84' lang='lat' dir='ltr'>volat</span> <span class='ocrx_word' id='word_1_56' title='bbox 595 958 673 1005; x_wconf 89' lang='lat' dir='ltr'>ardea</span> <span class='ocrx_word' id='word_1_57' title='bbox 686 958 789 1007; x_wconf 87' lang='lat' dir='ltr'>nubem.</span> 
     </span>
     <span class='ocr_line' id='line_1_10' title="bbox 61 1046 767 1108; baseline 0.001 -14"><span class='ocrx_word' id='word_1_58' title='bbox 61 1051 111 1094; x_wconf 84' lang='lat'>365</span> <span class='ocrx_word' id='word_1_59' title='bbox 131 1060 208 1108; x_wconf 85' lang='lat' dir='ltr'>saepe</span> <span class='ocrx_word' id='word_1_60' title='bbox 221 1046 297 1092; x_wconf 87' lang='lat' dir='ltr'>etiam</span> <span class='ocrx_word' id='word_1_61' title='bbox 311 1047 398 1093; x_wconf 85' lang='lat' dir='ltr'>stellas</span> <span class='ocrx_word' id='word_1_62' title='bbox 410 1052 486 1093; x_wconf 91' lang='lat' dir='ltr'>vento</span> <span class='ocrx_word' id='word_1_63' title='bbox 499 1046 655 1108; x_wconf 82' lang='lat' dir='ltr'>inpendente</span> <span class='ocrx_word' id='word_1_64' title='bbox 668 1046 767 1095; x_wconf 89' lang='lat' dir='ltr'>videbis</span> 
     </span>
     <span class='ocr_line' id='line_1_11' title="bbox 131 1135 774 1197; baseline 0.005 -16"><span class='ocrx_word' id='word_1_65' title='bbox 131 1135 283 1197; x_wconf 86' lang='lat' dir='ltr'>praecipites</span> <span class='ocrx_word' id='word_1_66' title='bbox 297 1135 369 1182; x_wconf 85' lang='lat' dir='ltr'>caelo</span> <span class='ocrx_word' id='word_1_67' title='bbox 383 1135 435 1182; x_wconf 86' lang='lat' dir='ltr'>labi</span> <span class='ocrx_word' id='word_1_68' title='bbox 449 1135 584 1197; x_wconf 90' lang='lat' dir='ltr'>noctisque</span> <span class='ocrx_word' id='word_1_69' title='bbox 597 1149 642 1196; x_wconf 91' lang='lat' dir='ltr'>per</span> <span class='ocrx_word' id='word_1_70' title='bbox 655 1136 774 1184; x_wconf 86' lang='lat' dir='ltr'>umbram</span> 
     </span>
     <span class='ocr_line' id='line_1_12' title="bbox 131 1223 804 1285; baseline 0.001 -15"><span class='ocrx_word' id='word_1_71' title='bbox 131 1224 292 1271; x_wconf 86' lang='lat' dir='ltr'>flammarum</span> <span class='ocrx_word' id='word_1_72' title='bbox 305 1224 398 1285; x_wconf 82' lang='lat' dir='ltr'>lo&#39;ngos</span> <span class='ocrx_word' id='word_1_73' title='bbox 412 1239 427 1271; x_wconf 90' lang='lat' dir='ltr'>a</span> <span class='ocrx_word' id='word_1_74' title='bbox 440 1230 512 1284; x_wconf 85' lang='lat' dir='ltr'>tergo</span> <span class='ocrx_word' id='word_1_75' title='bbox 526 1223 655 1270; x_wconf 85' lang='lat' dir='ltr'>albescere</span> <span class='ocrx_word' id='word_1_76' title='bbox 667 1230 774 1282; x_wconf 87' lang='lat' dir='ltr'>tractus,</span> <span class='ocrx_word' id='word_1_77' title='bbox 799 1230 804 1239; x_wconf 89' lang='lat'><strong><em>‘</em></strong></span> 
     </span>
     <span class='ocr_line' id='line_1_13' title="bbox 131 1311 817 1374; baseline 0.003 -15"><span class='ocrx_word' id='word_1_78' title='bbox 131 1327 207 1374; x_wconf 87' lang='lat' dir='ltr'>saepe</span> <span class='ocrx_word' id='word_1_79' title='bbox 220 1313 301 1360; x_wconf 89' lang='lat' dir='ltr'>levem</span> <span class='ocrx_word' id='word_1_80' title='bbox 315 1313 417 1374; x_wconf 86' lang='lat' dir='ltr'>paleam</span> <span class='ocrx_word' id='word_1_81' title='bbox 431 1319 455 1359; x_wconf 89' lang='lat' dir='ltr'>ct</span> <span class='ocrx_word' id='word_1_82' title='bbox 468 1311 572 1359; x_wconf 89' lang='lat' dir='ltr'>frondes</span> <span class='ocrx_word' id='word_1_83' title='bbox 585 1311 694 1359; x_wconf 84' lang='lat' dir='ltr'>volitare</span> <span class='ocrx_word' id='word_1_84' title='bbox 707 1313 817 1361; x_wconf 86' lang='lat' dir='ltr'>caducus</span> 
     </span>
     <span class='ocr_line' id='line_1_14' title="bbox 131 1400 779 1462; baseline 0.002 -14"><span class='ocrx_word' id='word_1_85' title='bbox 131 1409 176 1448; x_wconf 88' lang='lat' dir='ltr'>aut</span> <span class='ocrx_word' id='word_1_86' title='bbox 188 1417 288 1449; x_wconf 87' lang='lat' dir='ltr'>summa</span> <span class='ocrx_word' id='word_1_87' title='bbox 301 1401 385 1448; x_wconf 90' lang='lat' dir='ltr'>nantis</span> <span class='ocrx_word' id='word_1_88' title='bbox 399 1401 426 1447; x_wconf 93' lang='lat' dir='ltr'>in</span> <span class='ocrx_word' id='word_1_89' title='bbox 440 1415 508 1462; x_wconf 85' lang='lat' dir='ltr'>aqua</span> <span class='ocrx_word' id='word_1_90' title='bbox 521 1400 653 1448; x_wconf 87' lang='lat' dir='ltr'>colludere</span> <span class='ocrx_word' id='word_1_91' title='bbox 666 1400 779 1462; x_wconf 89' lang='lat' dir='ltr'>plumas.</span> 
     </span>
    </p>
   </div>
   <div class='ocr_carea' id='block_1_3' title="bbox 60 1487 818 1640">
    <p class='ocr_par' dir='ltr' id='par_1_3' title="bbox 60 1487 818 1640">
     <span class='ocr_line' id='line_1_15' title="bbox 60 1487 807 1551; baseline 0.001 -15"><span class='ocrx_word' id='word_1_92' title='bbox 60 1491 111 1538; x_wconf 81' lang='lat'>370</span> <span class='ocrx_word' id='word_1_93' title='bbox 131 1498 158 1537; x_wconf 86' lang='lat' dir='ltr'>at</span> <span class='ocrx_word' id='word_1_94' title='bbox 170 1490 269 1537; x_wconf 90' lang='lat' dir='ltr'>Boreae</span> <span class='ocrx_word' id='word_1_95' title='bbox 282 1491 314 1537; x_wconf 88' lang='lat' dir='ltr'>de</span> <span class='ocrx_word' id='word_1_96' title='bbox 327 1496 399 1551; x_wconf 84' lang='lat' dir='ltr'>parte</span> <span class='ocrx_word' id='word_1_97' title='bbox 412 1488 490 1536; x_wconf 90' lang='lat' dir='ltr'>trucis</span> <span class='ocrx_word' id='word_1_98' title='bbox 504 1504 562 1536; x_wconf 90' lang='lat' dir='ltr'>cum</span> <span class='ocrx_word' id='word_1_99' title='bbox 574 1487 697 1536; x_wconf 88' lang='lat' dir='ltr'>fulminat</span> <span class='ocrx_word' id='word_1_100' title='bbox 710 1496 735 1537; x_wconf 88' lang='lat' dir='ltr'>et</span> <span class='ocrx_word' id='word_1_101' title='bbox 748 1504 807 1537; x_wconf 92' lang='lat' dir='ltr'>cum</span> 
     </span>
     <span class='ocr_line' id='line_1_16' title="bbox 130 1577 818 1640; baseline 0 -15"><span class='ocrx_word' id='word_1_102' title='bbox 130 1578 243 1640; x_wconf 87' lang='lat' dir='ltr'>Eurique</span> <span class='ocrx_word' id='word_1_103' title='bbox 256 1577 418 1640; x_wconf 80' lang='lat' dir='ltr'>Zephyrique</span> <span class='ocrx_word' id='word_1_104' title='bbox 431 1583 504 1625; x_wconf 92' lang='lat' dir='ltr'>tonat</span> <span class='ocrx_word' id='word_1_105' title='bbox 517 1578 617 1635; x_wconf 88' lang='lat' dir='ltr'>domus,</span> <span class='ocrx_word' id='word_1_106' title='bbox 633 1578 722 1625; x_wconf 83' lang='lat' dir='ltr'>omnia</span> <span class='ocrx_word' id='word_1_107' title='bbox 735 1578 818 1640; x_wconf 91' lang='lat' dir='ltr'>plenis</span> 
     </span>
    </p>
   </div>
   <div class='ocr_carea' id='block_1_4' title="bbox 60 1666 853 2702">
    <p class='ocr_par' dir='ltr' id='par_1_4' title="bbox 129 1666 853 1905">
     <span class='ocr_line' id='line_1_17' title="bbox 131 1666 763 1728; baseline -0.002 -15"><span class='ocrx_word' id='word_1_108' title='bbox 131 1682 190 1714; x_wconf 88' lang='lat' dir='ltr'>rura</span> <span class='ocrx_word' id='word_1_109' title='bbox 203 1674 294 1714; x_wconf 86' lang='lat' dir='ltr'>natant</span> <span class='ocrx_word' id='word_1_110' title='bbox 306 1666 380 1714; x_wconf 89' lang='lat' dir='ltr'>fossis</span> <span class='ocrx_word' id='word_1_111' title='bbox 395 1674 471 1728; x_wconf 87' lang='lat' dir='ltr'>atque</span> <span class='ocrx_word' id='word_1_112' title='bbox 485 1666 568 1713; x_wconf 92' lang='lat' dir='ltr'>omnis</span> <span class='ocrx_word' id='word_1_113' title='bbox 582 1666 669 1713; x_wconf 79' lang='lat' dir='ltr'>navita</span> <span class='ocrx_word' id='word_1_114' title='bbox 682 1673 763 1727; x_wconf 91' lang='lat' dir='ltr'>ponto</span> 
     </span>
     <span class='ocr_line' id='line_1_18' title="bbox 129 1754 853 1817; baseline -0.004 -16"><span class='ocrx_word' id='word_1_115' title='bbox 129 1756 219 1803; x_wconf 86' lang='lat' dir='ltr'>umida</span> <span class='ocrx_word' id='word_1_116' title='bbox 231 1756 288 1803; x_wconf 84' lang='lat' dir='ltr'>vola</span> <span class='ocrx_word' id='word_1_117' title='bbox 301 1755 372 1817; x_wconf 85' lang='lat' dir='ltr'>legit.</span> <span class='ocrx_word' id='word_1_118' title='bbox 412 1770 553 1817; x_wconf 92' lang='lat' dir='ltr'>numquam</span> <span class='ocrx_word' id='word_1_119' title='bbox 567 1754 765 1817; x_wconf 89' lang='lat' dir='ltr'>inprudentibus</span> <span class='ocrx_word' id='word_1_120' title='bbox 777 1754 853 1802; x_wconf 88' lang='lat' dir='ltr'>imber</span> 
     </span>
     <span class='ocr_line' id='line_1_19' title="bbox 130 1842 728 1905; baseline 0 -15"><span class='ocrx_word' id='word_1_121' title='bbox 130 1844 226 1892; x_wconf 89' lang='lat' dir='ltr'>obfuit:</span> <span class='ocrx_word' id='word_1_122' title='bbox 243 1852 287 1891; x_wconf 92' lang='lat' dir='ltr'>aut</span> <span class='ocrx_word' id='word_1_123' title='bbox 299 1845 373 1892; x_wconf 91' lang='lat' dir='ltr'>illum</span> <span class='ocrx_word' id='word_1_124' title='bbox 387 1850 533 1905; x_wconf 80' lang='lat' dir='ltr'>surgentem</span> <span class='ocrx_word' id='word_1_125' title='bbox 547 1843 657 1890; x_wconf 86' lang='lat' dir='ltr'>vallibus</span> <span class='ocrx_word' id='word_1_126' title='bbox 670 1842 728 1890; x_wconf 90' lang='lat' dir='ltr'>imis</span> 
     </span>
    </p>

    <p class='ocr_par' dir='ltr' id='par_1_5' title="bbox 60 1931 780 2350">
     <span class='ocr_line' id='line_1_20' title="bbox 60 1931 699 1992; baseline -0.003 -13"><span class='ocrx_word' id='word_1_127' title='bbox 60 1936 110 1980; x_wconf 84' lang='lat'>³75</span> <span class='ocrx_word' id='word_1_128' title='bbox 129 1933 214 1981; x_wconf 88' lang='lat' dir='ltr'>aeriae</span> <span class='ocrx_word' id='word_1_129' title='bbox 227 1933 315 1992; x_wconf 87' lang='lat' dir='ltr'>fugere</span> <span class='ocrx_word' id='word_1_130' title='bbox 327 1945 417 1992; x_wconf 84' lang='lat' dir='ltr'>grues,</span> <span class='ocrx_word' id='word_1_131' title='bbox 433 1938 477 1978; x_wconf 86' lang='lat' dir='ltr'>aut</span> <span class='ocrx_word' id='word_1_132' title='bbox 489 1931 584 1979; x_wconf 83' lang='lat' dir='ltr'>bucula</span> <span class='ocrx_word' id='word_1_133' title='bbox 598 1931 699 1979; x_wconf 86' lang='lat' dir='ltr'>caelum</span> 
     </span>
     <span class='ocr_line' id='line_1_21' title="bbox 130 2018 722 2082; baseline 0 -15"><span class='ocrx_word' id='word_1_134' title='bbox 130 2020 273 2082; x_wconf 85' lang='lat' dir='ltr'>suspiciens</span> <span class='ocrx_word' id='word_1_135' title='bbox 286 2018 381 2080; x_wconf 86' lang='lat' dir='ltr'>patulis</span> <span class='ocrx_word' id='word_1_136' title='bbox 395 2020 507 2080; x_wconf 81' lang='lat' dir='ltr'>captavit</span> <span class='ocrx_word' id='word_1_137' title='bbox 519 2021 623 2067; x_wconf 85' lang='lat' dir='ltr'>naribus</span> <span class='ocrx_word' id='word_1_138' title='bbox 637 2035 722 2078; x_wconf 88' lang='lat' dir='ltr'>auras,</span> 
     </span>
     <span class='ocr_line' id='line_1_22' title="bbox 131 2107 715 2170; baseline 0 -14"><span class='ocrx_word' id='word_1_139' title='bbox 131 2115 175 2156; x_wconf 85' lang='lat' dir='ltr'>aut</span> <span class='ocrx_word' id='word_1_140' title='bbox 188 2116 280 2170; x_wconf 86' lang='lat' dir='ltr'>arguta</span> <span class='ocrx_word' id='word_1_141' title='bbox 292 2108 364 2156; x_wconf 88' lang='lat' dir='ltr'>lacus</span> <span class='ocrx_word' id='word_1_142' title='bbox 377 2107 591 2156; x_wconf 85' lang='lat' dir='ltr'>circumvolitavit</span> <span class='ocrx_word' id='word_1_143' title='bbox 604 2108 715 2156; x_wconf 88' lang='lat' dir='ltr'>hirundo</span> 
     </span>
     <span class='ocr_line' id='line_1_23' title="bbox 130 2197 780 2257; baseline -0.003 -11"><span class='ocrx_word' id='word_1_144' title='bbox 130 2206 156 2246; x_wconf 84' lang='lat' dir='ltr'>et</span> <span class='ocrx_word' id='word_1_145' title='bbox 167 2206 278 2246; x_wconf 88' lang='lat' dir='ltr'>veterem</span> <span class='ocrx_word' id='word_1_146' title='bbox 291 2198 317 2245; x_wconf 94' lang='lat' dir='ltr'>in</span> <span class='ocrx_word' id='word_1_147' title='bbox 331 2198 394 2245; x_wconf 92' lang='lat' dir='ltr'>limo</span> <span class='ocrx_word' id='word_1_148' title='bbox 408 2212 487 2245; x_wconf 81' lang='lat' dir='ltr'>renco</span> <span class='ocrx_word' id='word_1_149' title='bbox 500 2197 615 2245; x_wconf 87' lang='lat' dir='ltr'>cecinere</span> <span class='ocrx_word' id='word_1_150' title='bbox 628 2197 780 2257; x_wconf 88' lang='lat' dir='ltr'>querellam.</span> 
     </span>
     <span class='ocr_line' id='line_1_24' title="bbox 132 2285 712 2350; baseline -0.005 -15"><span class='ocrx_word' id='word_1_151' title='bbox 132 2287 234 2349; x_wconf 84' lang='lat' dir='ltr'>saepius</span> <span class='ocrx_word' id='word_1_152' title='bbox 247 2295 272 2335; x_wconf 90' lang='lat' dir='ltr'>et</span> <span class='ocrx_word' id='word_1_153' title='bbox 284 2288 357 2335; x_wconf 89' lang='lat' dir='ltr'>tectis</span> <span class='ocrx_word' id='word_1_154' title='bbox 371 2285 545 2350; x_wconf 86' lang='lat' dir='ltr'>penetralibus</span> <span class='ocrx_word' id='word_1_155' title='bbox 558 2285 651 2332; x_wconf 81' lang='lat' dir='ltr'>extulit</span> <span class='ocrx_word' id='word_1_156' title='bbox 663 2299 712 2332; x_wconf 82' lang='lat' dir='ltr'>ove</span> 
     </span>
    </p>

    <p class='ocr_par' dir='ltr' id='par_1_6' title="bbox 63 2373 816 2702">
     <span class='ocr_line' id='line_1_25' title="bbox 63 2373 769 2437; baseline 0.006 -18"><span class='ocrx_word' id='word_1_157' title='bbox 63 2376 113 2422; x_wconf 82' lang='lat'>³80</span> <span class='ocrx_word' id='word_1_158' title='bbox 134 2383 272 2437; x_wconf 82' lang='lat' dir='ltr'>angustum</span> <span class='ocrx_word' id='word_1_159' title='bbox 285 2376 392 2424; x_wconf 86' lang='lat' dir='ltr'>sormieu</span> <span class='ocrx_word' id='word_1_160' title='bbox 405 2383 488 2424; x_wconf 87' lang='lat' dir='ltr'>terens</span> <span class='ocrx_word' id='word_1_161' title='bbox 502 2375 550 2422; x_wconf 91' lang='lat' dir='ltr'>iter</span> <span class='ocrx_word' id='word_1_162' title='bbox 563 2381 588 2421; x_wconf 89' lang='lat' dir='ltr'>et</span> <span class='ocrx_word' id='word_1_163' title='bbox 599 2373 665 2420; x_wconf 90' lang='lat' dir='ltr'>bibit</span> <span class='ocrx_word' id='word_1_164' title='bbox 676 2373 769 2436; x_wconf 86' lang='lat' dir='ltr'>ingens</span> 
     </span>
     <span class='ocr_line' id='line_1_26' title="bbox 130 2463 721 2524; baseline -0.002 -13"><span class='ocrx_word' id='word_1_165' title='bbox 130 2478 203 2511; x_wconf 90' lang='lat' dir='ltr'>arcus</span> <span class='ocrx_word' id='word_1_166' title='bbox 217 2471 243 2511; x_wconf 91' lang='lat' dir='ltr'>et</span> <span class='ocrx_word' id='word_1_167' title='bbox 255 2477 268 2511; x_wconf 88' lang='lat' dir='ltr'>e</span> <span class='ocrx_word' id='word_1_168' title='bbox 282 2471 356 2524; x_wconf 89' lang='lat' dir='ltr'>pastu</span> <span class='ocrx_word' id='word_1_169' title='bbox 370 2464 496 2511; x_wconf 85' lang='lat' dir='ltr'>decedens</span> <span class='ocrx_word' id='word_1_170' title='bbox 510 2463 612 2524; x_wconf 77' lang='lat' dir='ltr'>agmine</span> <span class='ocrx_word' id='word_1_171' title='bbox 625 2477 721 2524; x_wconf 80' lang='lat' dir='ltr'>magno</span> 
     </span>
     <span class='ocr_line' id='line_1_27' title="bbox 130 2551 712 2614; baseline -0.003 -15"><span class='ocrx_word' id='word_1_172' title='bbox 130 2566 265 2600; x_wconf 82' lang='lat' dir='ltr'>corvorum</span> <span class='ocrx_word' id='word_1_173' title='bbox 277 2552 405 2614; x_wconf 90' lang='lat' dir='ltr'>increpuit</span> <span class='ocrx_word' id='word_1_174' title='bbox 418 2553 503 2600; x_wconf 90' lang='lat' dir='ltr'>densis</span> <span class='ocrx_word' id='word_1_175' title='bbox 516 2551 642 2600; x_wconf 89' lang='lat' dir='ltr'>exercitus</span> <span class='ocrx_word' id='word_1_176' title='bbox 656 2551 712 2598; x_wconf 93' lang='lat' dir='ltr'>alis.</span> 
     </span>
     <span class='ocr_line' id='line_1_28' title="bbox 129 2639 816 2702; baseline 0.001 -15"><span class='ocrx_word' id='word_1_177' title='bbox 129 2639 182 2689; x_wconf 80' lang='lat' dir='ltr'>iem</span> <span class='ocrx_word' id='word_1_178' title='bbox 193 2639 280 2688; x_wconf 84' lang='lat' dir='ltr'>variae</span> <span class='ocrx_word' id='word_1_179' title='bbox 292 2639 379 2701; x_wconf 81' lang='lat' dir='ltr'>pelagi</span> <span class='ocrx_word' id='word_1_180' title='bbox 392 2640 509 2688; x_wconf 83' lang='lat' dir='ltr'>volucres</span> <span class='ocrx_word' id='word_1_181' title='bbox 523 2647 548 2688; x_wconf 88' lang='lat' dir='ltr'>et</span> <span class='ocrx_word' id='word_1_182' title='bbox 561 2655 627 2702; x_wconf 89' lang='lat' dir='ltr'>quae</span> <span class='ocrx_word' id='word_1_183' title='bbox 641 2639 705 2687; x_wconf 83' lang='lat' dir='ltr'>Asia</span> <span class='ocrx_word' id='word_1_184' title='bbox 719 2641 816 2690; x_wconf 90' lang='lat' dir='ltr'>circnm</span> 
     </span>
    </p>
   </div>
   <div class='ocr_carea' id='block_1_5' title="bbox 0 0 908 2956">
    <p class='ocr_par' dir='ltr' id='par_1_7' title="bbox 0 0 908 2956">
     <span class='ocr_line' id='line_1_29' title="bbox 0 0 908 2956; baseline 0 2"><span class='ocrx_word' id='word_1_185' title='bbox 0 0 908 2956; x_wconf 95' lang='lat' dir='ltr'> </span> 
     </span>
    </p>
   </div>
  </div>
 </body>
</html>
