1808 2956
269 318 416 358 naumuos
433 319 520 358 muna
537 320 591 359 ΧΠ.
770 309 827 357 487

101 476 229 536 sanguine
242 475 327 524 adhue
340 475 477 538 campique
488 476 605 538 ingentes
619 475 719 524 ossibus
733 477 829 524 albent.

102 579 154 627 quo
168 565 264 612 referor
281 564 394 611 totiens?
414 579 480 626 qnae
493 572 606 613 mentem
618 565 720 612 insania
732 564 832 611 mutat?

101 653 123 700 si
136 653 225 700 Turno
240 653 352 700 extincto
366 653 450 700 socios
463 668 521 701 surn
534 653 633 701 adscire
647 659 759 716 paratus,

103 756 148 789 eur
162 755 214 787 non
229 741 355 789 incolumi
369 741 453 803 potius
468 742 608 790 certamina
621 741 703 789 tollo?

56 835 82 878 ιθ
103 829 165 892 quid
180 830 365 891 consanguinei
379 830 477 889 Rutuli,
493 830 555 892 quid
569 837 653 878 cetera
666 829 735 877 dicet

102 918 187 976 Italia,
205 919 237 966 ad
251 927 360 967 mortem
373 920 394 966 si
408 927 433 968 te
446 919 520 982 (Fors
535 919 604 966 dicta
616 917 720 980 refutet)

103 1006 270 1070 prodiderim,
286 1015 374 1055 natam
387 1016 412 1056 et
425 1007 537 1056 conubia
549 1013 638 1054 nostra
650 1005 797 1068 petentem?

103 1096 201 1158 respice
214 1111 254 1144 res
268 1097 337 1144 bello
350 1097 443 1155 varias,
458 1096 577 1144 miserere
591 1095 704 1157 parentis

104 1185 232 1245 longaevi,
249 1199 325 1246 quern
338 1199 407 1232 nune
420 1191 546 1232 maestum
558 1183 643 1246 patria
655 1184 743 1231 Ardea
756 1183 833 1241 lonae

56 1278 83 1321 ts
105 1264 213 1320 dividit'
238 1273 441 1336 haudquaquam
456 1272 529 1321 dietis
543 1272 666 1320 violentia
679 1272 760 1318 Turni

103 1361 229 1420 flectitnr;
249 1370 372 1424 exuperat
385 1362 468 1423 magis
482 1361 657 1424 aegrescitque
670 1361 806 1408 medendo.

104 1456 132 1496 ut
145 1451 256 1512 primum
269 1451 316 1498 fari
330 1451 422 1513 potuit,
439 1451 475 1499 sic
488 1451 580 1498 institit
593 1464 646 1498 ore.

101 1527 191 1601 ‘quam
204 1554 250 1600 pro
264 1554 304 1587 me
318 1555 405 1587 carram
419 1540 500 1601 geria,
521 1539 589 1587 hane
602 1553 702 1601 precor,
725 1537 830 1600 optime,

407 1643 453 1689 pro
467 1643 507 1675 me

106 1714 220 1775 deponas
235 1714 365 1776 letumque
378 1717 447 1763 sinas
461 1730 507 1776 pro
522 1715 599 1762 laude
613 1715 717 1777 pacisci.

56 1810 85 1852 50
106 1809 131 1850 et
144 1816 193 1849 nos
206 1803 266 1859 tela,
283 1808 363 1863 pater,
379 1801 525 1864 ferrumque
539 1803 607 1849 haud
623 1803 706 1849 debile
721 1803 810 1850 dextra

106 1891 259 1952 spargimus,
275 1897 301 1937 et
312 1896 401 1936 nostro
414 1889 530 1951 sequitur
543 1889 575 1937 de
587 1890 692 1937 vulnere
705 1890 818 1950 sanguis.

106 1980 183 2039 longe
196 1979 233 2026 illi
248 1978 296 2026 dea
309 1985 397 2026 mater·
403 1977 459 2036 erit,
475 1993 541 2040 quae
554 1977 622 2026 nube
635 1978 754 2039 fugacem

106 2068 216 2116 feminea
229 2075 299 2128 tegat
313 2075 337 2116 et
350 2068 421 2116 vanis
434 2081 489 2116 sese
502 2067 606 2114 occulat
617 2058 733 2114 umbris’

141 2158 177 2205 At
189 2157 286 2218 regina,
302 2171 369 2203 nova
382 2171 485 2219 pugnae
499 2154 637 2204 conterrita
650 2161 726 2213 sorte,

56 2251 86 2293 55
106 2245 182 2293 tiebat
196 2253 220 2293 et
233 2246 365 2292 ardentem
377 2260 500 2306 generum
513 2244 638 2292 moritura
651 2243 755 2292 tenebat

101 2321 209 2391 ‘Turne
226 2349 271 2396 por
284 2334 391 2395 hasego
405 2343 429 2382 tc
440 2334 567 2391 lacrimas,
580 2346 626 2395 per
637 2332 717 2394 siquis
725 2332 835 2380 Amatae

107 2421 190 2481 tangit
203 2421 286 2469 honos
300 2422 415 2469 animum
428 2422 497 2485 (spes
511 2430 538 2469 tu
551 2436 620 2468 nunc
633 2434 694 2479 una,
717 2426 835 2468 senectae

107 2517 133 2556 tu
147 2510 248 2571 requies
262 2510 379 2570 miserae,
395 2510 473 2558 decus
485 2510 673 2573 imperiumque
685 2509 772 2556 Latini

108 2608 131 2646 te
145 2613 231 2661 penes,
247 2599 274 2646 in
287 2605 312 2647 te
326 2599 408 2647 omnis
423 2599 514 2646 domus
527 2598 653 2646 inclinata
665 2596 802 2656 recumbit)

56 2694 87 2735 60
107 2703 187 2735 unum
201 2702 262 2736 oro‘:
285 2688 378 2736 desiste
391 2701 498 2735 manum
511 2686 673 2735 committere
682 2685 808 2732 Teucris.

105 2777 150 2837 qni
163 2784 187 2825 te
200 2793 312 2842 eumque
325 2785 436 2829 manent
447 2777 500 2828 'rste
515 2774 668 2826 certaturae
681 2781 779 2819 Qffims
