1808 2956
62 171 120 217 124
296 178 322 217 P.
340 177 461 216 VERGILI
477 178 608 216 Marorrls

130 336 176 385 illa
190 335 293 399 quidem
308 335 369 382 dum
381 341 406 383 te
419 334 519 395 fugeret
531 350 576 398 per
588 335 695 384 flumina
708 351 838 399 praeceps,

131 425 262 474 inmanem
275 433 335 472 ante
348 423 426 485 pedes
440 423 551 485 hydrum
564 423 688 472 moritura
701 425 790 487 puella

132 520 275 562 servantem
288 512 357 574 ripas
371 513 425 561 alta
437 527 489 559 non
503 513 566 559 vidit
579 513 606 559 in
619 513 708 562 herbe.

62 609 113 652 460
133 611 160 652 at
172 603 265 651 chorus
278 601 394 662 aequalis
408 601 534 662 dryadum
548 601 660 649 elamore
673 604 807 665 supremos

131 693 263 755 inplerunt
275 698 384 747 montes,
400 689 493 738 flerunt
506 689 674 752 Rhodopeiae
687 706 759 739 arces

132 782 237 843 altaque
250 779 371 840 Pangaea
385 785 410 826 et
423 777 499 826 Rhesi
513 778 640 826 Mavortia
654 779 730 826 tellus

133 879 210 933 atque
223 867 303 916 Getae
316 876 394 930 atque
407 866 506 914 Hebrus
520 874 545 914 et
556 867 646 915 Actias
660 867 788 932 Orithyia.

133 959 189 1022 ipse
202 973 264 1006 cava
277 958 364 1005 solans
377 970 483 1016 aegrum
497 956 623 1003 testudine
639 973 755 1006 amorem

63 1053 113 1096 465
134 1055 166 1105 te,
183 1047 265 1093 dulcis
279 1046 402 1103 coniunx,
418 1052 442 1091 te
455 1045 512 1092 solo
526 1045 553 1091 in
567 1045 642 1092 litore
655 1061 752 1104 secum,

134 1144 158 1184 te
171 1135 288 1183 veniente
302 1134 351 1190 die,
368 1140 392 1180 te
406 1133 544 1182 decedente
559 1135 675 1183 canebat.

134 1223 275 1273 Taenarias
288 1223 365 1270 etiam
378 1221 478 1279 fauces,
494 1223 547 1270 alta
561 1223 626 1270 ostia
639 1223 717 1281 Ditis,

135 1319 160 1360 et
173 1311 329 1371 caligantem
342 1311 416 1370 nigra
429 1309 566 1358 formidine
579 1313 666 1359 lucum

135 1401 265 1461 ingressus
279 1413 419 1461 manesque
432 1399 496 1447 adiit
509 1413 646 1461 regemque
660 1401 822 1448 tremendum

66 1495 117 1540 470
137 1488 275 1550 nesciaque
288 1487 407 1535 humanis
422 1487 540 1549 precibus
553 1502 732 1537 mansuescere
745 1489 832 1536 corda.

136 1585 163 1627 at
176 1584 254 1626 cautu
267 1583 411 1645 commotae
424 1575 500 1623 Erebi
515 1577 547 1624 de
560 1577 663 1624 sedibus
676 1577 735 1625 imis

136 1666 243 1715 umbrae
256 1665 329 1713 ibant
341 1673 429 1713 tenues
443 1665 633 1728 simulacraque
646 1667 703 1714 luce
722 1673 863 1722 carentum,

138 1771 216 1819 quam
229 1756 310 1803 muita
322 1755 348 1801 in
363 1754 432 1801 foliis
446 1755 532 1802 avium
544 1769 571 1801 se
585 1754 657 1802 milia
671 1756 795 1813 condunt,

136 1845 236 1907 Vesper
248 1844 291 1891 ubi
306 1851 350 1893 aut
362 1843 483 1891 hibernus
497 1843 551 1904 agit
564 1843 595 1891 de
608 1844 738 1891 montibus
752 1843 842 1902 imber,

68 1937 119 1984 475
139 1940 233 1983 matres
247 1941 325 1995 atque
338 1933 383 1979 viri
398 1932 569 1994 defunctaque
583 1946 692 1994 corpora
705 1933 757 1981 vita

139 2023 333 2086 magnanimum
348 2021 470 2080 heroum,
490 2020 563 2082 pueri
577 2021 753 2083 innuptaeque
765 2019 867 2084 puellae

140 2111 298 2175 inpositique
311 2110 381 2172 rogis
395 2110 498 2157 iuvenes
512 2117 571 2157 aute
585 2124 630 2157 ora
643 2118 796 2172 parentum3

141 2216 205 2264 quos
219 2201 315 2250 circum
328 2199 404 2247 limus
419 2198 492 2260 niger
505 2206 529 2245 et
543 2198 664 2246 deformis
677 2198 797 2247 harundo

142 2288 232 2352 Cocyti
245 2290 370 2350 tardaque
383 2289 458 2350 palus
471 2287 617 2336 inamabilis
630 2288 701 2335 unda

70 2386 121 2430 480
141 2380 233 2442 alligat
246 2387 271 2428 et
283 2378 389 2425 noviens
403 2376 466 2438 Styx
479 2376 603 2424 interfusa
616 2383 725 2424 coercet.

142 2470 203 2533 quin
217 2470 288 2532 ipsae
302 2473 421 2528 stupuere
435 2466 526 2513 domus
540 2472 617 2528 atque
630 2464 721 2513 intima
735 2464 792 2513 Leti

141 2559 251 2607 Tartara
264 2556 448 2616 caeruleosque
461 2555 581 2618 inplexae
595 2554 707 2603 crinibus
721 2568 819 2616 angues

126 2647 282 2696 eumenides
297 2647 435 2712 tenuitque
449 2645 557 2696 inhians
569 2644 623 2694 tria
634 2641 765 2691 Cerberus
776 2655 826 2687 ora
