1808 2956
197 91 258 138 408
435 99 461 136 P.
478 96 600 136 t'nuornr
620 95 754 134 nsuours

266 253 431 316 turbantique
443 254 521 312 siros,
536 251 663 315 perfertur
674 251 782 299 nuntius
795 251 900 300 hostem

99 351 110 367 ⁰
197 349 247 392 690
267 344 363 392 fervere
376 342 455 390 caede
467 356 534 388 uova
547 349 571 387 ct
583 347 671 402 portas
685 339 809 403 praebere
822 347 903 401 pateu

267 431 361 480 deserit
373 431 504 492 inceptum
518 437 595 491 atque
608 429 706 474 inmani
721 428 839 475 concitus
852 428 894 475 ira

266 519 427 568 Dardaniam
441 519 491 564 ruit
504 518 536 564 ad
550 525 651 580 portam
665 516 806 578 fratresque
820 530 900 578 snper

268 617 292 657 et
306 608 417 670 primum
429 606 588 669 Antiphaten
599 605 633 666 (is
647 605 716 652 enim
729 617 756 651 se
769 604 868 665 primus
882 621 899 652 a

269 695 394 744 Thebana
407 694 439 742 de
452 701 533 742 matre
545 693 652 741 nothum
667 691 826 755 Sarpedonis
840 693 897 751 alti,

199 790 248 834 695
269 785 386 832 coniecto
399 783 488 831 sternit
500 783 603 841 iacu103
624 782 693 828 volat
704 781 772 828 Itala
784 795 880 829 coruus

268 887 329 921 aera
342 887 387 935 per
400 879 516 920 tenerum
529 871 715 932 stomachoque
728 869 808 916 infixa
821 869 869 917 sub
884 885 901 916 a

267 968 356 1024 pectus
370 960 431 1018 abit,
448 960 531 1008 reddit
542 974 634 1022 specus
648 959 696 1006 atri
710 957 822 1006 volneris
835 959 903 1006 und

268 1056 431 1113 spumantem
444 1055 469 1096 et
481 1048 532 1095 fixo
547 1048 640 1095 ferrum
654 1047 681 1094 iu
694 1046 818 1109 pulmone
832 1054 902 1109 tepe

268 1145 322 1185 tum
334 1137 468 1200 Meropem
481 1145 558 1198 atque
571 1136 711 1198 Erymanta
723 1150 817 1193 maun,
839 1143 897 1183 tum

568 1224 720 1287 Aphidnum
730 1240 736 1283 3

199 1319 248 1364 too
269 1321 323 1360 turn
333 1312 421 1360 Bitian
435 1314 566 1361 ardentem
581 1313 662 1361 oculis
676 1313 821 1377 animisque
835 1312 901 1361 frem

267 1416 320 1449 nou
333 1401 428 1460 iaculo,
444 1416 528 1464 neque
541 1403 610 1450 enirn
623 1401 709 1449 iaculo
723 1402 800 1448 vitam
812 1401 860 1450 ille
874 1403 904 1449 dt

266 1491 310 1539 sed
324 1504 448 1552 magnum
461 1490 571 1537 stridens
585 1496 703 1537 contorta
716 1489 852 1552 phalarica
864 1505 904 1538 ve

266 1579 381 1627 fulminis
395 1585 453 1626 acta
465 1577 553 1636 modo,
569 1592 648 1639 quam
661 1592 708 1625 nec
722 1578 772 1624 duo
787 1585 877 1626 taurea
891 1587 900 1626 t

266 1682 313 1716 uec
327 1666 424 1730 duplici
437 1680 546 1728 squama
560 1666 641 1713 lorica
654 1666 737 1713 fidelis
751 1673 776 1713 ct
788 1681 853 1713 auro

196 1759 245 1805 705
266 1755 396 1814 sustinuit,
412 1755 536 1816 conlapsa
549 1761 626 1801 ruont
638 1754 755 1801 inmania
768 1754 892 1813 membra,

267 1844 311 1891 dat
323 1844 399 1891 tellus
413 1843 536 1904 gemitum
547 1851 572 1890 ct
580 1843 691 1905 clipeum
700 1842 901 1904 superintonati

266 1931 325 1979 talis
338 1931 365 1977 iu
379 1931 495 1980 Euboico
507 1931 631 1980 Baiarum
644 1933 719 1980 litore
732 1933 865 1994 quondam

266 2033 345 2060 saxea
356 2018 410 2060 uiln
424 2019 500 2060 narlit.
516 2021 618 2060 mannis
632 2036 708 2060 uriam
724 2021 835 2060 mulilnm
849 2031 904 2060 unt
