1808 2956
240 138 408 178 usosmcou
425 139 512 178 maan
526 139 567 178 111.
761 131 798 177 89

28 301 52 344 l5
73 296 265 358 speluncaeque
278 302 367 356 tegant
379 302 405 343 et
417 311 495 343 saxea
508 295 634 358 procubet
646 296 744 344 umbra.

73 391 112 432 est
124 383 199 432 lucos
212 382 289 431 Silari
304 383 373 431 circa
385 383 538 446 ilicibusque
551 385 674 432 virentem

72 472 201 535 plurimus
214 472 361 519 Alburnum
374 473 492 531 volitans,
509 472 550 521 cui
563 488 657 521 nomen
671 474 736 521 nsilo

72 560 222 608 Romanum
235 568 281 620 est,
297 569 409 610 oestrum
423 561 484 609 Grai
498 571 594 610 vertere
610 570 739 621 vocantes,

73 663 157 711 asper,
173 648 266 697 acerba
278 664 382 708 sonans,
398 666 449 712 quo
463 657 517 698 tota
530 650 651 699 exterrita
662 650 732 698 silvis

28 743 53 785 lo
76 737 218 799 diffugiunt
230 745 355 797 armenta,
371 738 433 786 furit
444 738 584 800 mugitibus
597 739 684 786 aether·

73 840 215 874 concussus
228 827 358 888 silvaeque
371 835 397 874 et
409 827 469 876 sicci
483 827 540 890 ripa
552 827 675 887 Tanagri.

72 914 125 962 hoc
137 915 270 977 quondam
283 922 397 962 monstro
411 916 541 963 horribilis
555 915 669 964 exercuit
682 915 732 962 ires

72 1002 197 1052 Inachiae
209 1003 275 1051 Iuno
289 1010 386 1066 pestem
399 1004 522 1052 meditata
534 1004 665 1052 iuvencae.

73 1091 256 1154 huncquoque
269 1091 342 1155 (nam
355 1093 446 1140 mediis
460 1091 600 1140 fervoribus
615 1093 698 1140 acrior
711 1093 801 1155 instat)

28 1185 54 1228 55
74 1180 174 1229 arcebis
187 1181 294 1242 gravido
308 1181 405 1243 pecori,
421 1188 588 1244 armentaque
601 1196 691 1243 pasces

72 1268 130 1316 sole
141 1282 232 1317 recens
245 1275 302 1316 orto
316 1276 361 1317 aut
373 1277 475 1318 noctem
489 1269 641 1318 ducentibus
656 1270 738 1318 astris.

109 1357 173 1405 Post
185 1364 287 1419 partum
300 1373 362 1406 cura
374 1359 401 1405 in
415 1359 508 1406 vitulos
521 1359 663 1406 traducitur
677 1359 769 1417 omnis,

73 1446 252 1507 continuoque
264 1453 339 1493 notus
353 1455 378 1494 et
390 1447 497 1494 nomina
509 1446 593 1508 gentis
606 1447 713 1494 inurunt

73 1541 99 1582 et
111 1548 178 1596 quos
192 1541 236 1581 aut
248 1534 335 1596 pecori
348 1535 441 1582 malint
452 1535 601 1583 submittere
613 1535 733 1582 habendo

28 1625 56 1670 30
74 1629 120 1671 aut
133 1622 184 1670 aris
197 1636 298 1670 servare
311 1637 398 1670 sutores
412 1631 456 1671 aut
468 1624 585 1672 scindere
598 1630 692 1671 terram

72 1718 99 1759 et
111 1725 232 1772 campum
246 1711 393 1758 horrentem
406 1711 493 1759 fractis
506 1712 631 1759 invertere
643 1711 752 1772 glaebis.

73 1806 161 1848 cetera
173 1807 314 1861 pascuntur
326 1800 413 1847 viridis
428 1807 544 1847 armenta
557 1815 602 1861 per
615 1799 716 1847 herbas.

72 1895 101 1936 tu
109 1902 175 1950 quos
184 1887 216 1934 ad
228 1887 342 1934 studium
353 1895 430 1950 atque
441 1904 517 1936 usum
529 1888 651 1936 formabis
664 1896 800 1949 agrestem,

72 1977 127 2024 iam
139 1975 234 2024 vitulos
247 1976 350 2025 hortare
363 1977 482 2039 uiamque
495 1977 583 2025 insiste
597 1978 729 2036 domandi,

28 2067 54 2112 ⁵5
73 2065 137 2113 dum
150 2063 240 2112 faciles
253 2064 332 2112 animi
346 2065 475 2124 iuvenum,
491 2067 553 2113 dum
566 2067 669 2114 mobilis
685 2075 764 2115 aetas.

74 2169 105 2202 ac
118 2153 232 2216 primum
244 2153 319 2200 laxos
332 2153 402 2200 tenui
416 2155 447 2202 de
460 2153 555 2201 vimine
568 2155 660 2202 circlos

74 2241 168 2292 cervici
182 2241 320 2300 subnecte3
341 2242 444 2300 dehinc,
458 2242 503 2289 ubi
517 2243 599 2290 libera
612 2244 682 2291 colla

74 2330 178 2378 servitio
193 2329 333 2388 adsuerint
349 2331 411 2392 ipsis
424 2346 438 2378 e
451 2332 586 2392 torquibus
600 2339 673 2394 aptos

74 2419 155 2480 iunge
168 2433 242 2480 peres
256 2425 282 2466 et
294 2433 357 2480 coge
370 2420 480 2480 gradum
493 2419 608 2468 consumo
622 2422 756 2482 iuvencos3

28 2511 55 2556 lo
75 2514 154 2570 atque
168 2507 221 2555 illis
234 2507 286 2554 iam
299 2522 375 2570 saepe
388 2514 460 2556 rotae
474 2509 600 2556 ducantur
612 2508 703 2556 inanes

75 2610 123 2659 per
136 2603 232 2644 terram
245 2601 270 2644 et
282 2609 382 2644 summo
395 2597 504 2659 vestigia
516 2598 621 2661 pulvere
633 2597 756 2659 signent-q
