1808 2956
248 192 397 232 Aruernos
415 193 501 231 arnan
523 193 562 231 vr.
741 181 802 229 297

76 357 213 398 venturum
225 349 365 396 Ausonios.
404 364 436 396 en
449 349 514 397 haee
526 348 653 410 promissa
665 348 727 395 lides
741 346 810 396 eatl’

50 432 123 486 “ille
136 444 222 486 autem
232 427 327 499 ‘neque
339 443 364 485 te
377 437 475 484 Phoebi
490 437 589 484 eortina
602 435 701 495 fefellit,

77 527 131 574 dux
143 526 312 585 Anchisiade,
328 540 375 573 nee
388 540 428 573 me
443 526 505 573 deus
519 538 631 587 aequore
643 524 738 572 mersit.

76 629 189 677 namque
202 614 387 676 gubernaclum
400 613 517 661 multari
531 613 596 661 forte
609 613 746 671 revolsum‚

32 710 56 752 to
77 704 119 752 eui
132 704 207 751 datus
220 701 359 751 haerebam
373 708 458 750 eustos
472 717 612 765 cursusque
625 701 755 763 regebam,

76 791 250 854 praecipitans
263 791 329 838 traxi
343 805 452 838 meeum.
480 790 562 837 maria
575 804 665 852 aspera
677 790 734 836 iuro

76 894 130 926 non
143 880 227 927 ullum
240 893 287 941 pro
300 893 341 926 rue
355 885 454 926 tanturn
468 878 566 940 cepisse
579 879 697 926 timorem

77 983 156 1031 quarn
170 975 214 1015 tua
226 967 397 1030 despoliata
409 967 496 1025 armis,
513 981 621 1015 excussa
634 967 769 1027 magistro,

77 1057 198 1105 deiiceret
210 1057 288 1103 tentis
301 1056 373 1102 navis
386 1055 549 1117 surgentibus
563 1055 646 1103 undis.

32 1151 56 1194 35
77 1147 123 1193 tris
136 1154 212 1192 notus
225 1144 346 1192 hibernas
359 1145 477 1192 inmensa
489 1157 535 1206 per
548 1158 661 1206 aequora
676 1149 765 1190 noctes

78 1233 147 1282 vexit
159 1247 200 1281 me
212 1233 340 1280 violentus
354 1247 437 1294 aqua3
458 1232 500 1279 vix
514 1232 610 1280 lumine
624 1238 717 1295 quarto

78 1322 200 1385 prospexi
213 1321 316 1368 Italiam
329 1334 429 1368 summa
442 1320 558 1368 sublimis
573 1320 604 1367 ab
618 1320 697 1367 unda.

78 1410 215 1473 paullatim
228 1409 357 1456 adnabam
368 1426 374 1467 3
395 1416 478 1456 terrae
490 1409 542 1455 iam
555 1415 610 1456 tuta
623 1407 751 1466 tenebam,

78 1499 104 1546 ni
117 1513 180 1560 gens
194 1497 306 1545 erudelis
319 1497 423 1544 madida
437 1512 495 1545 enm
508 1503 576 1544 veste
588 1501 722 1557 gravatum

32 1593 58 1636 50
78 1593 295 1650 prensantemque
332 1586 403 1633 uneis
441 1584 559 1633 manibus
597 1584 683 1646 capita
718 1596 812 1645 aspera

378 1674 474 1721 montis

78 1761 145 1811 ferro
159 1762 294 1810 invasisset
306 1763 481 1825 praedamque
494 1761 587 1822 ignara
599 1766 722 1821 putasset.

78 1865 147 1898 nune
160 1865 201 1899 me
212 1851 304 1898 fluetus
317 1850 396 1898 habet
408 1856 561 1911 versantque
574 1849 601 1895 in
614 1848 690 1895 litore
702 1846 781 1894 venti.

79 1939 149 2001 quod
162 1945 187 1987 te
200 1953 246 2001 per
258 1938 323 1987 eaeli
337 1939 479 1986 iucundum
492 1938 578 1985 lumen
593 1942 618 1985 et
630 1950 714 1994 auras,

79 2042 125 2089 per
136 2028 280 2088 genitorem
294 2042 349 2085 oro,
365 2041 410 2088 per
423 2041 480 2088 spes
493 2025 620 2086 surgentis
633 2024 693 2082 Iuli,

32 2120 58 2163 55
79 2115 149 2178 eripe
161 2130 203 2163 me
216 2116 265 2174 his,
280 2116 383 2175 invicte,
399 2115 488 2162 malis:
510 2121 555 2161 aut
567 2121 594 2160 tn
607 2111 670 2160 mihi
684 2120 779 2161 terram

77 2203 145 2252 inice
159 2203 283 2266 (namque
296 2204 380 2265 potes)
394 2210 534 2266 portusque
547 2201 649 2264 require
660 2200 777 2258 Velinos‚

80 2299 124 2340 aut
137 2300 173 2350 tu,
189 2291 264 2353 siqua
276 2291 317 2338 via
330 2299 376 2349 est,
393 2291 493 2353 siquam
507 2290 552 2338 tibi
566 2291 625 2337 diva
638 2288 749 2337 ereatrix

79 2381 192 2428 ostendit
206 2380 393 2442 (nequeenim,
409 2380 495 2437 eredo,
511 2380 566 2426 sine
579 2378 685 2425 numine
699 2376 785 2425 divom

78 2469 185 2516 flumina
198 2476 271 2516 tanta
283 2483 358 2530 paras
372 2466 539 2530 Stygiamque
552 2467 643 2514 innare
662 2464 806 2527 paludem),

32 2562 59 2606 l0
80 2558 114 2605 da
127 2558 244 2605 dextram
257 2556 351 2604 misero
365 2565 390 2604 et
403 2565 489 2605 tecum
500 2570 545 2604 me
555 2555 624 2603 tolle
633 2567 682 2616 per
694 2553 799 2605 nudas„

71 2644 176 2690 sedibus
189 2652 218 2690 ut
228 2645 323 2694 saltem
337 2647 456 2711 placidis
470 2648 500 2697 in
512 2653 606 2696 morte
620 2624 781 2706 quiessem?
