1808 2956
256 194 403 235 auuuruos
423 197 511 236 ursan
527 198 555 238 v.
741 189 800 238 279

77 352 134 414 ipse
147 352 209 398 mihi
223 367 305 414 nuper
316 351 419 414 Libyeis
434 359 460 400 tu
474 354 544 402 testis
558 354 585 401 in
599 355 673 402 undis

32 447 55 489 ¹0
79 456 158 502 qnam
177 441 272 488 molem
292 441 376 488 subito
390 442 510 490 excierit:
532 443 615 490 maria
628 443 717 490 omnia
730 444 803 492 caelo

77 529 189 588 miscuit,
205 529 303 577 Aeoliis
316 529 474 592 nequiquam
488 530 552 578 freta
564 531 695 594 procellis,

77 617 105 664 in
118 617 204 679 reguis
217 617 267 666 hoe
280 633 343 665 ausa
359 619 417 666 tuis.

77 720 124 768 per
136 706 219 753 scelus
233 721 292 754 ecee
305 707 383 754 etiam
395 707 515 754 Troianis
528 707 652 755 matribus
665 707 729 755 actis

78 795 176 842 exussit
188 795 263 842 foede
276 795 368 858 puppis
382 803 407 843 et
420 796 501 843 classe
515 795 617 857 subegit

32 888 56 930 t5
79 883 174 930 amissa
187 885 272 932 socios
285 884 389 946 ignotae
403 884 520 946 linquere
534 891 624 932 terrae.

79 972 148 1034 quod
163 980 285 1033 superest,
301 987 356 1031 oro,
372 972 450 1020 liceat
462 973 523 1020 dare
536 979 591 1020 tnta
603 987 649 1034 per
661 973 745 1020 undas

78 1061 136 1108 vela
148 1060 203 1118 tihi,
219 1061 295 1108 liceat
308 1060 463 1109 Laurentem
476 1061 602 1122 attingere
614 1060 748 1122 Thybrim,

77 1150 99 1196 si
114 1163 236 1196 concessa
248 1156 317 1211 peto,
333 1149 353 1196 si
367 1150 430 1196 dant
442 1165 473 1197 ea
485 1149 588 1197 moenia
599 1141 711 1211 parcae.³

78 1244 133 1285 tum
147 1236 281 1285 Saturnius
295 1237 359 1285 haee
373 1237 484 1285 domitor
497 1238 575 1285 maris
589 1238 669 1285 edidit
682 1238 736 1285 alti.

32 1332 58 1374 to
75 1316 125 1373 ‘fas
139 1341 215 1374 omne
228 1333 273 1383 est,
291 1325 426 1387 Cytherea,
442 1326 505 1374 meis
519 1333 543 1374 te
556 1326 634 1374 fidere
647 1327 743 1387 regnis,

78 1415 146 1462 unde
159 1429 240 1475 genus
254 1415 335 1462 ducis.
363 1414 444 1462 merui
458 1429 576 1476 quoque:
598 1429 674 1476 saepe
688 1414 786 1462 furores

80 1503 219 1564 compressi
234 1509 259 1550 et
271 1503 368 1550 rabiem
381 1509 480 1550 tantam
494 1503 610 1565 caelique
624 1503 762 1564 marisque.

78 1605 127 1638 nee
139 1590 224 1637 minor
236 1591 263 1637 in
276 1592 359 1650 terris,
374 1591 508 1638 Xanthum
516 1590 701 1652 Simoentaque
714 1598 802 1649 testor,

78 1679 184 1726 Aeneae
197 1679 260 1726 mihi
275 1695 336 1727 eura
349 1680 395 1727 tui.
424 1695 482 1726 oum
496 1679 575 1726 Troia
587 1679 704 1726 Achilles

32 1773 57 1816 t5
80 1768 228 1815 exanimata
240 1783 348 1830 sequens
362 1768 507 1830 inpingeret
520 1767 624 1828 agmina
637 1767 725 1826 muris,

78 1856 151 1903 milia
163 1857 246 1903 multa
259 1857 332 1904 daret
344 1856 395 1903 leto
409 1862 591 1917 gemerentque
604 1855 695 1917 repleti

80 1959 168 1992 amnes
182 1959 229 1993 nee
242 1945 354 2006 reperire
367 1944 434 1991 viam
447 1951 525 2006 atque
538 1944 653 1992 evolvere
666 1951 753 2006 posset

79 2033 106 2079 in
120 2047 189 2080 mare
203 2048 230 2080 se
242 2033 371 2091 Xanthus,
387 2032 492 2080 Pelidae
506 2040 567 2080 tune
580 2047 628 2094 ego
642 2032 700 2079 forti

80 2136 247 2182 congressum
259 2122 368 2168 Aenean
381 2135 428 2168 nee
443 2121 480 2168 dis
494 2135 541 2168 nec
553 2121 649 2168 viribus
662 2121 751 2183 aequis

32 2216 60 2257 10
82 2209 150 2258 nube
163 2226 226 2258 cava
238 2210 322 2272 rapui,
339 2224 459 2271 euperem
473 2224 531 2257 cnm
543 2217 640 2257 vertero
654 2209 685 2256 ab
699 2208 752 2257 imo

79 2305 176 2346 structa
188 2299 251 2346 meis
264 2297 383 2345 manibus
396 2298 513 2360 periurae
526 2297 629 2344 moenia
642 2297 744 2344 Troiae.

80 2401 149 2433 nune
175 2400 279 2450 quoque
304 2400 376 2434 mens
402 2386 492 2434 eadem
517 2391 614 2447 perstat
632 2384 712 2444 mihi3
738 2384 806 2447 pelle
852 2410 855 2416 ·

381 2474 508 2522 timorem.

81 2570 150 2611 tutus
164 2578 229 2626 quos
243 2570 316 2626 optas
329 2570 421 2626 portus
435 2561 545 2611 assedet
559 2560 670 2610 haeum.

73 2664 138 2697 unus
151 2652 200 2698 erit
219 2660 321 2702 tautum
336 2655 472 2705 amissum
492 2669 580 2719 qnam
599 2645 714 2712 gurgite
726 2635 862 2699 quaeue&
