<?xml version="1.0" encoding="UTF-8"?>
<!DOCTYPE html PUBLIC "-//W3C//DTD XHTML 1.0 Transitional//EN"
    "http://www.w3.org/TR/xhtml1/DTD/xhtml1-transitional.dtd">
<html xmlns="http://www.w3.org/1999/xhtml" xml:lang="en" lang="en">
 <head>
  <title>
</title>
<meta http-equiv="Content-Type" content="text/html;charset=utf-8" />
  <meta name='ocr-system' content='tesseract 3.04.00' />
  <meta name='ocr-capabilities' content='ocr_page ocr_carea ocr_par ocr_line ocrx_word'/>
</head>
<body>
  <div class='ocr_page' id='page_1' title='image "./pvergiliusmaro00virggoog/pvergiliusmaro00virggoog_0059.png"; bbox 0 0 1808 2956; ppageno 0'>
   <div class='ocr_carea' id='block_1_1' title="bbox 27 39 30 812">
    <p class='ocr_par' dir='ltr' id='par_1_1' title="bbox 27 39 30 812">
     <span class='ocr_line' id='line_1_1' title="bbox 27 39 30 812; baseline 0 0"><span class='ocrx_word' id='word_1_1' title='bbox 27 39 30 812; x_wconf 95' lang='lat' dir='ltr'> </span> 
     </span>
    </p>
   </div>
   <div class='ocr_carea' id='block_1_2' title="bbox 48 60 51 1407">
    <p class='ocr_par' dir='ltr' id='par_1_2' title="bbox 48 60 51 1407">
     <span class='ocr_line' id='line_1_2' title="bbox 48 60 51 1407; baseline 0 0"><span class='ocrx_word' id='word_1_2' title='bbox 48 60 51 1407; x_wconf 95' lang='lat' dir='ltr'> </span> 
     </span>
    </p>
   </div>
   <div class='ocr_carea' id='block_1_3' title="bbox 11 446 14 1404">
    <p class='ocr_par' dir='ltr' id='par_1_3' title="bbox 11 446 14 1404">
     <span class='ocr_line' id='line_1_3' title="bbox 11 446 14 1404; baseline 0 0"><span class='ocrx_word' id='word_1_3' title='bbox 11 446 14 1404; x_wconf 95' lang='lat' dir='ltr'> </span> 
     </span>
    </p>
   </div>
   <div class='ocr_carea' id='block_1_4' title="bbox 164 186 716 234">
    <p class='ocr_par' dir='ltr' id='par_1_4' title="bbox 164 186 716 234">
     <span class='ocr_line' id='line_1_4' title="bbox 164 186 716 234; baseline -0.009 0"><span class='ocrx_word' id='word_1_4' title='bbox 164 186 200 234; x_wconf 75' lang='lat'>52</span> <span class='ocrx_word' id='word_1_5' title='bbox 400 193 426 232; x_wconf 87' lang='grc' dir='ltr'>Ρ.</span> <span class='ocrx_word' id='word_1_6' title='bbox 443 192 565 231; x_wconf 81' lang='lat' dir='ltr'>VERGILI</span> <span class='ocrx_word' id='word_1_7' title='bbox 585 190 716 230; x_wconf 69' lang='lat' dir='ltr'>cinnoma</span> 
     </span>
    </p>
   </div>
   <div class='ocr_carea' id='block_1_5' title="bbox 162 347 904 1829">
    <p class='ocr_par' dir='ltr' id='par_1_5' title="bbox 162 347 904 1829">
     <span class='ocr_line' id='line_1_5' title="bbox 233 347 868 414; baseline -0.003 -16"><span class='ocrx_word' id='word_1_8' title='bbox 233 351 361 414; x_wconf 86' lang='lat' dir='ltr'>puppibus</span> <span class='ocrx_word' id='word_1_9' title='bbox 376 356 401 398; x_wconf 88' lang='lat' dir='ltr'>et</span> <span class='ocrx_word' id='word_1_10' title='bbox 413 349 474 397; x_wconf 90' lang='lat' dir='ltr'>laeti</span> <span class='ocrx_word' id='word_1_11' title='bbox 487 355 582 396; x_wconf 89' lang='lat' dir='ltr'>nautae</span> <span class='ocrx_word' id='word_1_12' title='bbox 595 347 733 410; x_wconf 78' lang='lat' dir='ltr'>inposuere</span> <span class='ocrx_word' id='word_1_13' title='bbox 747 363 868 397; x_wconf 85' lang='lat' dir='ltr'>coronas.</span> 
     </span>
     <span class='ocr_line' id='line_1_6' title="bbox 163 435 900 499; baseline -0.009 -11"><span class='ocrx_word' id='word_1_14' title='bbox 163 445 213 489; x_wconf 85' lang='grc'>305</span> <span class='ocrx_word' id='word_1_15' title='bbox 233 439 277 487; x_wconf 88' lang='lat' dir='ltr'>sed</span> <span class='ocrx_word' id='word_1_16' title='bbox 286 446 371 486; x_wconf 85' lang='lat' dir='ltr'>tamen</span> <span class='ocrx_word' id='word_1_17' title='bbox 379 445 404 485; x_wconf 90' lang='lat' dir='ltr'>et</span> <span class='ocrx_word' id='word_1_18' title='bbox 414 451 524 499; x_wconf 85' lang='lat' dir='ltr'>quernas</span> <span class='ocrx_word' id='word_1_19' title='bbox 536 435 644 498; x_wconf 76' lang='lat' dir='ltr'><strong>glandes</strong></span> <span class='ocrx_word' id='word_1_20' title='bbox 656 442 711 483; x_wconf 91' lang='lat' dir='ltr'>tum</span> <span class='ocrx_word' id='word_1_21' title='bbox 723 437 850 498; x_wconf 84' lang='lat' dir='ltr'>stringere</span> <span class='ocrx_word' id='word_1_22' title='bbox 863 445 900 486; x_wconf 77' lang='lat' dir='ltr'>te.</span> 
     </span>
     <span class='ocr_line' id='line_1_7' title="bbox 233 525 854 588; baseline -0.005 -13"><span class='ocrx_word' id='word_1_23' title='bbox 233 535 258 575; x_wconf 90' lang='lat' dir='ltr'>et</span> <span class='ocrx_word' id='word_1_24' title='bbox 270 527 336 574; x_wconf 88' lang='lat' dir='ltr'>lauri</span> <span class='ocrx_word' id='word_1_25' title='bbox 350 526 427 574; x_wconf 86' lang='lat' dir='ltr'>bacas</span> <span class='ocrx_word' id='word_1_26' title='bbox 440 525 577 587; x_wconf 83' lang='lat' dir='ltr'>oleamque</span> <span class='ocrx_word' id='word_1_27' title='bbox 590 530 748 586; x_wconf 88' lang='lat' dir='ltr'>cruentaque</span> <span class='ocrx_word' id='word_1_28' title='bbox 761 533 854 588; x_wconf 81' lang='lat' dir='ltr'>myrta,</span> 
     </span>
     <span class='ocr_line' id='line_1_8' title="bbox 234 612 846 677; baseline -0.002 -14"><span class='ocrx_word' id='word_1_29' title='bbox 234 625 288 663; x_wconf 93' lang='lat' dir='ltr'>tum</span> <span class='ocrx_word' id='word_1_30' title='bbox 301 615 407 677; x_wconf 85' lang='lat' dir='ltr'>gruibus</span> <span class='ocrx_word' id='word_1_31' title='bbox 420 614 525 677; x_wconf 77' lang='lat' dir='ltr'>pedicas</span> <span class='ocrx_word' id='word_1_32' title='bbox 540 620 564 660; x_wconf 89' lang='lat' dir='ltr'>et</span> <span class='ocrx_word' id='word_1_33' title='bbox 577 612 642 660; x_wconf 90' lang='lat' dir='ltr'>retia</span> <span class='ocrx_word' id='word_1_34' title='bbox 654 626 751 674; x_wconf 89' lang='lat' dir='ltr'>ponere</span> <span class='ocrx_word' id='word_1_35' title='bbox 765 615 846 662; x_wconf 86' lang='lat' dir='ltr'>cervis</span> 
     </span>
     <span class='ocr_line' id='line_1_9' title="bbox 234 701 896 767; baseline 0 -15"><span class='ocrx_word' id='word_1_36' title='bbox 234 705 382 767; x_wconf 84' lang='lat' dir='ltr'>auritosque</span> <span class='ocrx_word' id='word_1_37' title='bbox 395 703 467 765; x_wconf 85' lang='lat' dir='ltr'>sequi</span> <span class='ocrx_word' id='word_1_38' title='bbox 482 703 592 764; x_wconf 86' lang='lat' dir='ltr'>lepores,</span> <span class='ocrx_word' id='word_1_39' title='bbox 608 708 663 748; x_wconf 89' lang='lat' dir='ltr'>tum</span> <span class='ocrx_word' id='word_1_40' title='bbox 677 701 755 762; x_wconf 82' lang='lat' dir='ltr'>figere</span> <span class='ocrx_word' id='word_1_41' title='bbox 770 702 896 762; x_wconf 81' lang='lat' dir='ltr'>(laminas,</span> 
     </span>
     <span class='ocr_line' id='line_1_10' title="bbox 233 789 886 856; baseline -0.002 -15"><span class='ocrx_word' id='word_1_42' title='bbox 233 801 342 856; x_wconf 87' lang='lat' dir='ltr'>stuppea</span> <span class='ocrx_word' id='word_1_43' title='bbox 355 798 518 854; x_wconf 86' lang='lat' dir='ltr'>torquentem</span> <span class='ocrx_word' id='word_1_44' title='bbox 530 790 647 837; x_wconf 86' lang='lat' dir='ltr'>Balearis</span> <span class='ocrx_word' id='word_1_45' title='bbox 661 789 766 838; x_wconf 82' lang='lat' dir='ltr'>verbera</span> <span class='ocrx_word' id='word_1_46' title='bbox 779 790 886 851; x_wconf 82' lang='lat' dir='ltr'>fundae,</span> 
     </span>
     <span class='ocr_line' id='line_1_11' title="bbox 164 877 899 940; baseline -0.007 -12"><span class='ocrx_word' id='word_1_47' title='bbox 164 887 214 929; x_wconf 88' lang='grc'>310</span> <span class='ocrx_word' id='word_1_48' title='bbox 234 877 292 930; x_wconf 90' lang='lat' dir='ltr'>curn</span> <span class='ocrx_word' id='word_1_49' title='bbox 306 883 351 928; x_wconf 89' lang='lat' dir='ltr'>nix</span> <span class='ocrx_word' id='word_1_50' title='bbox 364 881 418 929; x_wconf 87' lang='lat' dir='ltr'>alta</span> <span class='ocrx_word' id='word_1_51' title='bbox 430 880 509 937; x_wconf 83' lang='lat' dir='ltr'>iacet,</span> <span class='ocrx_word' id='word_1_52' title='bbox 530 878 640 940; x_wconf 83' lang='lat' dir='ltr'>glaciem</span> <span class='ocrx_word' id='word_1_53' title='bbox 655 893 712 926; x_wconf 91' lang='lat' dir='ltr'>cum</span> <span class='ocrx_word' id='word_1_54' title='bbox 725 879 834 928; x_wconf 87' lang='lat' dir='ltr'>flumina</span> <span class='ocrx_word' id='word_1_55' title='bbox 847 888 899 928; x_wconf 62' lang='lat' dir='ltr'>trun</span> 
     </span>
     <span class='ocr_line' id='line_1_12' title="bbox 270 967 891 1030; baseline 0.003 -14"><span class='ocrx_word' id='word_1_56' title='bbox 270 969 338 1029; x_wconf 87' lang='lat' dir='ltr'>Quid</span> <span class='ocrx_word' id='word_1_57' title='bbox 352 974 515 1030; x_wconf 84' lang='lat' dir='ltr'>tempestates</span> <span class='ocrx_word' id='word_1_58' title='bbox 530 967 645 1015; x_wconf 78' lang='lat' dir='ltr'>autumni</span> <span class='ocrx_word' id='word_1_59' title='bbox 659 974 684 1014; x_wconf 90' lang='lat' dir='ltr'>et</span> <span class='ocrx_word' id='word_1_60' title='bbox 696 967 782 1015; x_wconf 90' lang='lat' dir='ltr'>sidera</span> <span class='ocrx_word' id='word_1_61' title='bbox 796 968 891 1028; x_wconf 87' lang='lat' dir='ltr'>dicam,</span> 
     </span>
     <span class='ocr_line' id='line_1_13' title="bbox 234 1048 904 1121; baseline 0 -15"><span class='ocrx_word' id='word_1_62' title='bbox 234 1066 320 1121; x_wconf 87' lang='lat' dir='ltr'>atque,</span> <span class='ocrx_word' id='word_1_63' title='bbox 336 1056 379 1103; x_wconf 94' lang='lat' dir='ltr'>ubi</span> <span class='ocrx_word' id='word_1_64' title='bbox 393 1056 446 1104; x_wconf 82' lang='lat' dir='ltr'>iam</span> <span class='ocrx_word' id='word_1_65' title='bbox 459 1055 612 1118; x_wconf 86' lang='lat' dir='ltr'>breviorque</span> <span class='ocrx_word' id='word_1_66' title='bbox 627 1056 680 1103; x_wconf 87' lang='lat' dir='ltr'>dies</span> <span class='ocrx_word' id='word_1_67' title='bbox 695 1063 719 1103; x_wconf 93' lang='lat' dir='ltr'>et</span> <span class='ocrx_word' id='word_1_68' title='bbox 731 1056 838 1104; x_wconf 87' lang='lat' dir='ltr'>mollior</span> <span class='ocrx_word' id='word_1_69' title='bbox 852 1048 904 1106; x_wconf 82' lang='lat' dir='ltr'>aes</span> 
     </span>
     <span class='ocr_line' id='line_1_14' title="bbox 235 1144 898 1209; baseline 0.002 -15"><span class='ocrx_word' id='word_1_70' title='bbox 235 1161 301 1209; x_wconf 87' lang='lat' dir='ltr'>quae</span> <span class='ocrx_word' id='word_1_71' title='bbox 314 1145 446 1207; x_wconf 88' lang='lat' dir='ltr'>vigilanda</span> <span class='ocrx_word' id='word_1_72' title='bbox 458 1144 527 1203; x_wconf 86' lang='lat' dir='ltr'>viris,</span> <span class='ocrx_word' id='word_1_73' title='bbox 546 1146 586 1192; x_wconf 90' lang='lat' dir='ltr'>vel</span> <span class='ocrx_word' id='word_1_74' title='bbox 600 1160 658 1192; x_wconf 88' lang='lat' dir='ltr'>eum</span> <span class='ocrx_word' id='word_1_75' title='bbox 672 1145 723 1191; x_wconf 90' lang='lat' dir='ltr'>ruit</span> <span class='ocrx_word' id='word_1_76' title='bbox 735 1145 898 1195; x_wconf 81' lang='lat' dir='ltr'>imbriferum</span> 
     </span>
     <span class='ocr_line' id='line_1_15' title="bbox 234 1233 897 1297; baseline 0.003 -15"><span class='ocrx_word' id='word_1_77' title='bbox 234 1236 320 1297; x_wconf 82' lang='lat' dir='ltr'>spicea</span> <span class='ocrx_word' id='word_1_78' title='bbox 332 1235 385 1282; x_wconf 88' lang='lat' dir='ltr'>iam</span> <span class='ocrx_word' id='word_1_79' title='bbox 398 1234 496 1296; x_wconf 87' lang='lat' dir='ltr'>campis</span> <span class='ocrx_word' id='word_1_80' title='bbox 510 1249 568 1281; x_wconf 90' lang='lat' dir='ltr'>cum</span> <span class='ocrx_word' id='word_1_81' title='bbox 582 1233 672 1280; x_wconf 89' lang='lat' dir='ltr'>messis</span> <span class='ocrx_word' id='word_1_82' title='bbox 685 1233 814 1281; x_wconf 85' lang='lat' dir='ltr'>inhomuit</span> <span class='ocrx_word' id='word_1_83' title='bbox 827 1242 853 1282; x_wconf 89' lang='lat' dir='ltr'>et</span> <span class='ocrx_word' id='word_1_84' title='bbox 866 1252 897 1284; x_wconf 90' lang='lat' dir='ltr'>cn</span> 
     </span>
     <span class='ocr_line' id='line_1_16' title="bbox 164 1322 871 1384; baseline 0.003 -14"><span class='ocrx_word' id='word_1_85' title='bbox 164 1328 213 1371; x_wconf 88' lang='grc'>315</span> <span class='ocrx_word' id='word_1_86' title='bbox 234 1323 362 1372; x_wconf 87' lang='lat' dir='ltr'>frumenta</span> <span class='ocrx_word' id='word_1_87' title='bbox 374 1323 401 1371; x_wconf 91' lang='lat' dir='ltr'>in</span> <span class='ocrx_word' id='word_1_88' title='bbox 414 1324 488 1371; x_wconf 88' lang='lat' dir='ltr'>viridi</span> <span class='ocrx_word' id='word_1_89' title='bbox 502 1323 598 1384; x_wconf 88' lang='lat' dir='ltr'>stipula</span> <span class='ocrx_word' id='word_1_90' title='bbox 611 1322 735 1370; x_wconf 88' lang='lat' dir='ltr'>lactentia</span> <span class='ocrx_word' id='word_1_91' title='bbox 747 1325 871 1384; x_wconf 80' lang='lat' dir='ltr'>turgent?</span> 
     </span>
     <span class='ocr_line' id='line_1_17' title="bbox 234 1410 899 1474; baseline 0.006 -16"><span class='ocrx_word' id='word_1_92' title='bbox 234 1426 310 1474; x_wconf 84' lang='lat' dir='ltr'>saepe</span> <span class='ocrx_word' id='word_1_93' title='bbox 324 1426 381 1474; x_wconf 87' lang='lat' dir='ltr'>ego,</span> <span class='ocrx_word' id='word_1_94' title='bbox 398 1429 456 1460; x_wconf 92' lang='lat' dir='ltr'>cum</span> <span class='ocrx_word' id='word_1_95' title='bbox 469 1411 540 1459; x_wconf 88' lang='lat' dir='ltr'>flavis</span> <span class='ocrx_word' id='word_1_96' title='bbox 554 1425 694 1459; x_wconf 85' lang='lat' dir='ltr'>messorem</span> <span class='ocrx_word' id='word_1_97' title='bbox 706 1410 842 1461; x_wconf 84' lang='lat' dir='ltr'>induceret</span> <span class='ocrx_word' id='word_1_98' title='bbox 855 1430 899 1462; x_wconf 86' lang='lat' dir='ltr'>arv</span> 
     </span>
     <span class='ocr_line' id='line_1_18' title="bbox 234 1499 900 1562; baseline 0.008 -17"><span class='ocrx_word' id='word_1_99' title='bbox 234 1499 350 1560; x_wconf 88' lang='lat' dir='ltr'>agricola</span> <span class='ocrx_word' id='word_1_100' title='bbox 362 1508 388 1548; x_wconf 90' lang='lat' dir='ltr'>et</span> <span class='ocrx_word' id='word_1_101' title='bbox 400 1500 487 1562; x_wconf 84' lang='lat' dir='ltr'>fragili</span> <span class='ocrx_word' id='word_1_102' title='bbox 500 1500 552 1546; x_wconf 89' lang='lat' dir='ltr'>iarn</span> <span class='ocrx_word' id='word_1_103' title='bbox 565 1499 703 1560; x_wconf 89' lang='lat' dir='ltr'>stringeret</span> <span class='ocrx_word' id='word_1_104' title='bbox 715 1499 814 1548; x_wconf 88' lang='lat' dir='ltr'>hordea</span> <span class='ocrx_word' id='word_1_105' title='bbox 829 1504 900 1550; x_wconf 91' lang='lat' dir='ltr'>culm</span> 
     </span>
     <span class='ocr_line' id='line_1_19' title="bbox 234 1588 818 1650; baseline 0.005 -17"><span class='ocrx_word' id='word_1_106' title='bbox 234 1588 322 1635; x_wconf 85' lang='lat' dir='ltr'>onmia</span> <span class='ocrx_word' id='word_1_107' title='bbox 333 1595 467 1636; x_wconf 92' lang='lat' dir='ltr'>ventorum</span> <span class='ocrx_word' id='word_1_108' title='bbox 480 1601 632 1635; x_wconf 89' lang='lat' dir='ltr'>concurrere</span> <span class='ocrx_word' id='word_1_109' title='bbox 645 1588 818 1650; x_wconf 70' lang='lat' dir='ltr'>proeliandi,</span> 
     </span>
     <span class='ocr_line' id='line_1_20' title="bbox 234 1675 899 1738; baseline 0.008 -16"><span class='ocrx_word' id='word_1_110' title='bbox 234 1691 300 1738; x_wconf 87' lang='lat' dir='ltr'>quae</span> <span class='ocrx_word' id='word_1_111' title='bbox 312 1676 444 1737; x_wconf 81' lang='lat' dir='ltr'>gravidam</span> <span class='ocrx_word' id='word_1_112' title='bbox 459 1675 510 1724; x_wconf 89' lang='lat' dir='ltr'>late</span> <span class='ocrx_word' id='word_1_113' title='bbox 524 1682 636 1737; x_wconf 89' lang='lat' dir='ltr'>segetem</span> <span class='ocrx_word' id='word_1_114' title='bbox 650 1675 682 1724; x_wconf 80' lang='lat' dir='ltr'>ab</span> <span class='ocrx_word' id='word_1_115' title='bbox 695 1676 826 1726; x_wconf 88' lang='lat' dir='ltr'>radicibus</span> <span class='ocrx_word' id='word_1_116' title='bbox 840 1679 899 1727; x_wconf 90' lang='lat' dir='ltr'>imis</span> 
     </span>
     <span class='ocr_line' id='line_1_21' title="bbox 162 1764 891 1829; baseline 0.005 -18"><span class='ocrx_word' id='word_1_117' title='bbox 162 1769 213 1812; x_wconf 80' lang='lat'>³20</span> <span class='ocrx_word' id='word_1_118' title='bbox 232 1764 368 1815; x_wconf 86' lang='lat' dir='ltr'>sublimem</span> <span class='ocrx_word' id='word_1_119' title='bbox 381 1765 517 1828; x_wconf 86' lang='lat' dir='ltr'>expulsam</span> <span class='ocrx_word' id='word_1_120' title='bbox 531 1772 664 1821; x_wconf 74' lang='lat' dir='ltr'>emcrent3</span> <span class='ocrx_word' id='word_1_121' title='bbox 680 1764 716 1812; x_wconf 88' lang='lat' dir='ltr'>ita</span> <span class='ocrx_word' id='word_1_122' title='bbox 730 1764 832 1814; x_wconf 87' lang='lat' dir='ltr'>turbine</span> <span class='ocrx_word' id='word_1_123' title='bbox 845 1768 891 1829; x_wconf 86' lang='lat' dir='ltr'>aig</span> 
     </span>
    </p>
   </div>
   <div class='ocr_carea' id='block_1_6' title="bbox 159 1841 902 2358">
    <p class='ocr_par' dir='ltr' id='par_1_6' title="bbox 159 1841 902 2358">
     <span class='ocr_line' id='line_1_22' title="bbox 231 1841 900 1918; baseline 0.007 -19"><span class='ocrx_word' id='word_1_124' title='bbox 231 1853 308 1901; x_wconf 88' lang='lat' dir='ltr'>ferret</span> <span class='ocrx_word' id='word_1_125' title='bbox 337 1853 417 1902; x_wconf 86' lang='lat' dir='ltr'>hiems</span> <span class='ocrx_word' id='word_1_126' title='bbox 443 1855 607 1916; x_wconf 87' lang='lat' dir='ltr'>culmumque</span> <span class='ocrx_word' id='word_1_127' title='bbox 634 1853 716 1901; x_wconf 82' lang='lat' dir='ltr'>levem</span> <span class='ocrx_word' id='word_1_128' title='bbox 735 1841 900 1918; x_wconf 83' lang='lat' dir='ltr'>stipulasque</span> 
     </span>
     <span class='ocr_line' id='line_1_23' title="bbox 533 1940 818 1988; baseline 0.004 0"><span class='ocrx_word' id='word_1_129' title='bbox 533 1940 625 1988; x_wconf 85' lang='lat' dir='ltr'>lantes.</span> <span class='ocrx_word' id='word_1_130' title='bbox 816 1943 818 1946; x_wconf 81' lang='grc'><strong>’</strong></span> 
     </span>
     <span class='ocr_line' id='line_1_24' title="bbox 232 2026 897 2096; baseline 0.006 -19"><span class='ocrx_word' id='word_1_131' title='bbox 232 2044 308 2092; x_wconf 91' lang='lat' dir='ltr'>saepe</span> <span class='ocrx_word' id='word_1_132' title='bbox 316 2026 393 2077; x_wconf 87' lang='lat' dir='ltr'>etiam</span> <span class='ocrx_word' id='word_1_133' title='bbox 406 2027 552 2075; x_wconf 89' lang='lat' dir='ltr'>inmensum</span> <span class='ocrx_word' id='word_1_134' title='bbox 564 2027 636 2076; x_wconf 90' lang='lat' dir='ltr'>caelo</span> <span class='ocrx_word' id='word_1_135' title='bbox 649 2031 718 2078; x_wconf 84' lang='lat' dir='ltr'>venit</span> <span class='ocrx_word' id='word_1_136' title='bbox 728 2032 821 2092; x_wconf 84' lang='lat' dir='ltr'>agmen</span> <span class='ocrx_word' id='word_1_137' title='bbox 835 2048 897 2096; x_wconf 89' lang='lat' dir='ltr'>aqu</span> 
     </span>
     <span class='ocr_line' id='line_1_25' title="bbox 232 2116 902 2180; baseline 0.006 -14"><span class='ocrx_word' id='word_1_138' title='bbox 232 2123 257 2167; x_wconf 91' lang='lat' dir='ltr'>et</span> <span class='ocrx_word' id='word_1_139' title='bbox 269 2117 373 2166; x_wconf 84' lang='lat' dir='ltr'>foedam</span> <span class='ocrx_word' id='word_1_140' title='bbox 385 2116 532 2178; x_wconf 89' lang='lat' dir='ltr'>glomerant</span> <span class='ocrx_word' id='word_1_141' title='bbox 544 2124 723 2180; x_wconf 88' lang='lat' dir='ltr'>tempestatem</span> <span class='ocrx_word' id='word_1_142' title='bbox 736 2118 861 2170; x_wconf 90' lang='lat' dir='ltr'>imbribus</span> <span class='ocrx_word' id='word_1_143' title='bbox 875 2130 902 2172; x_wconf 92' lang='lat' dir='ltr'>at</span> 
     </span>
     <span class='ocr_line' id='line_1_26' title="bbox 231 2207 853 2267; baseline 0.005 -12"><span class='ocrx_word' id='word_1_144' title='bbox 231 2207 356 2255; x_wconf 90' lang='lat' dir='ltr'>collectae</span> <span class='ocrx_word' id='word_1_145' title='bbox 368 2221 400 2255; x_wconf 85' lang='lat' dir='ltr'>ex</span> <span class='ocrx_word' id='word_1_146' title='bbox 413 2207 466 2255; x_wconf 91' lang='lat' dir='ltr'>alto</span> <span class='ocrx_word' id='word_1_147' title='bbox 479 2207 559 2256; x_wconf 90' lang='lat' dir='ltr'>nubes</span> <span class='ocrx_word' id='word_1_148' title='bbox 570 2224 576 2267; x_wconf 83' lang='lat'><em>3</em></span> <span class='ocrx_word' id='word_1_149' title='bbox 591 2208 641 2254; x_wconf 89' lang='lat' dir='ltr'>ruit</span> <span class='ocrx_word' id='word_1_150' title='bbox 654 2208 749 2256; x_wconf 87' lang='lat' dir='ltr'>arduus</span> <span class='ocrx_word' id='word_1_151' title='bbox 764 2210 853 2258; x_wconf 90' lang='lat' dir='ltr'>aether</span> 
     </span>
     <span class='ocr_line' id='line_1_27' title="bbox 159 2294 881 2358; baseline 0.012 -19"><span class='ocrx_word' id='word_1_152' title='bbox 159 2294 210 2342; x_wconf 78' lang='lat'>³25</span> <span class='ocrx_word' id='word_1_153' title='bbox 230 2301 256 2344; x_wconf 87' lang='lat' dir='ltr'>et</span> <span class='ocrx_word' id='word_1_154' title='bbox 269 2295 357 2358; x_wconf 85' lang='lat' dir='ltr'>pluvia</span> <span class='ocrx_word' id='word_1_155' title='bbox 369 2296 469 2358; x_wconf 87' lang='lat' dir='ltr'>ingenti</span> <span class='ocrx_word' id='word_1_156' title='bbox 482 2303 539 2345; x_wconf 88' lang='lat' dir='ltr'>sata</span> <span class='ocrx_word' id='word_1_157' title='bbox 552 2298 622 2344; x_wconf 84' lang='lat' dir='ltr'>laeta</span> <span class='ocrx_word' id='word_1_158' title='bbox 634 2296 764 2358; x_wconf 91' lang='lat' dir='ltr'>boumque</span> <span class='ocrx_word' id='word_1_159' title='bbox 777 2298 881 2348; x_wconf 87' lang='lat' dir='ltr'>labores</span> 
     </span>
    </p>
   </div>
   <div class='ocr_carea' id='block_1_7' title="bbox 230 2385 898 2712">
    <p class='ocr_par' dir='ltr' id='par_1_7' title="bbox 230 2385 898 2712">
     <span class='ocr_line' id='line_1_28' title="bbox 231 2385 889 2448; baseline 0.008 -16"><span class='ocrx_word' id='word_1_160' title='bbox 231 2385 322 2444; x_wconf 84' lang='lat' dir='ltr'>diluit3</span> <span class='ocrx_word' id='word_1_161' title='bbox 343 2385 474 2448; x_wconf 88' lang='lat' dir='ltr'>inplentur</span> <span class='ocrx_word' id='word_1_162' title='bbox 487 2385 572 2433; x_wconf 81' lang='lat' dir='ltr'>fossae</span> <span class='ocrx_word' id='word_1_163' title='bbox 585 2391 610 2433; x_wconf 87' lang='lat' dir='ltr'>et</span> <span class='ocrx_word' id='word_1_164' title='bbox 623 2400 685 2433; x_wconf 88' lang='lat' dir='ltr'>cava</span> <span class='ocrx_word' id='word_1_165' title='bbox 697 2385 805 2434; x_wconf 86' lang='lat' dir='ltr'>flumina</span> <span class='ocrx_word' id='word_1_166' title='bbox 819 2403 889 2437; x_wconf 87' lang='lat' dir='ltr'>cresc</span> 
     </span>
     <span class='ocr_line' id='line_1_29' title="bbox 231 2473 898 2538; baseline 0.004 -17"><span class='ocrx_word' id='word_1_167' title='bbox 231 2487 289 2521; x_wconf 88' lang='lat' dir='ltr'>oum</span> <span class='ocrx_word' id='word_1_168' title='bbox 302 2473 388 2522; x_wconf 90' lang='lat' dir='ltr'>sonitu</span> <span class='ocrx_word' id='word_1_169' title='bbox 401 2474 532 2537; x_wconf 84' lang='lat' dir='ltr'>fervetque</span> <span class='ocrx_word' id='word_1_170' title='bbox 544 2473 614 2522; x_wconf 86' lang='lat' dir='ltr'>fretis</span> <span class='ocrx_word' id='word_1_171' title='bbox 627 2473 784 2536; x_wconf 89' lang='lat' dir='ltr'>spirantibus</span> <span class='ocrx_word' id='word_1_172' title='bbox 798 2491 898 2538; x_wconf 87' lang='lat' dir='ltr'>aequor</span> 
     </span>
     <span class='ocr_line' id='line_1_30' title="bbox 231 2560 883 2625; baseline 0.009 -18"><span class='ocrx_word' id='word_1_173' title='bbox 231 2560 285 2623; x_wconf 90' lang='lat' dir='ltr'>ipse</span> <span class='ocrx_word' id='word_1_174' title='bbox 298 2568 371 2625; x_wconf 89' lang='lat' dir='ltr'>pater</span> <span class='ocrx_word' id='word_1_175' title='bbox 384 2563 472 2611; x_wconf 83' lang='lat' dir='ltr'>media</span> <span class='ocrx_word' id='word_1_176' title='bbox 484 2562 631 2610; x_wconf 89' lang='lat' dir='ltr'>nimborum</span> <span class='ocrx_word' id='word_1_177' title='bbox 644 2562 671 2608; x_wconf 88' lang='lat' dir='ltr'>in</span> <span class='ocrx_word' id='word_1_178' title='bbox 684 2569 760 2611; x_wconf 88' lang='lat' dir='ltr'>noete</span> <span class='ocrx_word' id='word_1_179' title='bbox 773 2578 883 2614; x_wconf 82' lang='lat' dir='ltr'>corusca</span> 
     </span>
     <span class='ocr_line' id='line_1_31' title="bbox 230 2648 870 2712; baseline 0.008 -15"><span class='ocrx_word' id='word_1_180' title='bbox 230 2648 341 2699; x_wconf 84' lang='lat' dir='ltr'>fulmina</span> <span class='ocrx_word' id='word_1_181' title='bbox 353 2650 459 2698; x_wconf 88' lang='lat' dir='ltr'>molitur</span> <span class='ocrx_word' id='word_1_182' title='bbox 471 2651 576 2698; x_wconf 85' lang='lat' dir='ltr'>dextra:</span> <span class='ocrx_word' id='word_1_183' title='bbox 597 2666 649 2712; x_wconf 89' lang='lat' dir='ltr'>qno</span> <span class='ocrx_word' id='word_1_184' title='bbox 662 2666 785 2699; x_wconf 82' lang='lat' dir='ltr'>maxuma</span> <span class='ocrx_word' id='word_1_185' title='bbox 797 2659 870 2702; x_wconf 85' lang='lat' dir='ltr'>motu</span> 
     </span>
    </p>
   </div>
   <div class='ocr_carea' id='block_1_8' title="bbox 0 0 908 2956">
    <p class='ocr_par' dir='ltr' id='par_1_8' title="bbox 0 0 908 2956">
     <span class='ocr_line' id='line_1_32' title="bbox 0 0 908 2956; baseline 0 0"><span class='ocrx_word' id='word_1_186' title='bbox 0 0 908 2956; x_wconf 95' lang='lat' dir='ltr'> </span> 
     </span>
    </p>
   </div>
  </div>
 </body>
</html>
