1808 2956
66 185 128 231 490
306 191 332 229 ฮก.
351 188 472 228 vanem
491 188 624 228 manente

172 347 280 395 Postera
293 347 335 394 vix
348 360 461 394 summos
474 345 614 407 spargebat
626 346 727 394 lumine
740 353 838 394 montes

137 444 194 485 orta
207 437 270 494 dies,
287 451 344 484 curn
358 436 469 498 primum
481 434 535 482 alto
549 448 576 481 se
589 435 694 497 gurgite
708 436 808 484 tollunt
876 456 880 497 1

69 530 118 574 115
139 524 207 574 Solis
221 525 279 588 equi
295 525 430 587 lucemque
443 522 516 571 elatis
530 522 635 570 naribus
649 523 749 581 efflant,
877 512 882 557 i

139 629 258 676 campum
272 615 304 662 ad
318 620 446 662 certamen
465 625 576 672 magnae
588 612 635 658 sub
649 613 790 661 moenibus
803 613 859 661 urbis

139 703 247 751 dimensi
260 702 401 764 Rutulique
415 700 460 748 viri
473 689 620 762 Teucrique
634 701 767 763 parabant

138 792 165 838 in
178 791 315 853 medioque
329 791 400 838 10606
414 796 439 838 61
452 789 490 855 dis
504 789 685 837 communibus
700 805 761 838 aras

138 880 293 941 gramineas.
322 879 366 927 alii
380 878 528 940 fontemque
541 878 681 939 ignemque
695 878 822 938 ferebant,
890 878 893 909 ยน

71 974 120 1017 120
139 969 215 1016 velati
229 969 292 1016 limo
306 975 331 1016 61
343 967 454 1016 verbena
467 974 583 1028 tempora
595 966 682 1014 vincti.

140 1057 256 1119 procedit
269 1056 337 1118 legio
351 1055 515 1104 Ausonidum
527 1055 661 1117 pilataque
673 1055 761 1117 plenis

140 1146 245 1206 agmina
257 1160 284 1193 se
297 1145 409 1192 fundunt
421 1145 509 1208 portis.
538 1144 598 1191 hine
611 1144 707 1192 Troius
721 1145 806 1192 ornuis

140 1234 339 1296 Tyrrhenusque
353 1234 404 1280 ruit
416 1234 491 1281 variis
505 1233 631 1281 exercitus
645 1233 734 1292 armis,

140 1323 209 1370 haud
223 1336 295 1369 secus
309 1322 426 1370 instructi
440 1321 506 1370 ferro
521 1321 634 1384 quamsi
648 1336 743 1383 aspera
754 1322 840 1371 Martis

72 1416 121 1460 125
141 1425 229 1473 pugna
242 1415 323 1458 vocet.
352 1424 465 1458 necnon
479 1410 610 1457 mediisin
623 1410 730 1458 milibus
746 1411 796 1474 ipsi

142 1501 261 1547 ductores
275 1514 338 1546 auro
352 1499 461 1546 volitant
473 1504 595 1561 ostroque
608 1499 722 1561 superbi,

143 1597 167 1637 et
179 1603 260 1651 genus
274 1588 395 1636 Assaraci
407 1587 555 1635 Mnestheus
569 1594 594 1635 et
606 1587 679 1635 fortis
693 1587 783 1637 Asilas

143 1685 168 1725 et
180 1678 312 1739 Messapus
326 1692 420 1739 equom
434 1675 553 1734 domitor,
569 1674 699 1738 Neptunia
711 1678 808 1739 proles.

144 1773 222 1828 utque
236 1767 296 1814 dato
310 1767 385 1828 signo
398 1765 481 1828 spatia
493 1764 520 1810 111
534 1779 581 1812 sna
594 1765 704 1827 quisque
718 1767 831 1821 recessit,

74 1860 123 1902 130
143 1855 259 1916 deligunt
272 1855 357 1903 telluri
370 1854 457 1901 hastas
471 1859 495 1900 et
508 1859 580 1900 scuta
594 1853 729 1900 reclinant.

144 1949 198 1990 tum
212 1943 297 1991 studio
312 1943 407 1991 effusae
421 1948 514 1990 matres
528 1947 553 1989 61
564 1942 654 2002 volgus
668 1942 798 1991 inermum

143 2032 302 2094 invalidique
315 2046 388 2079 senes
402 2031 478 2078 turris
491 2037 516 2078 et
529 2037 596 2078 tecta
609 2031 747 2079 domorum

144 2121 276 2179 obsedere,
292 2121 336 2169 alii
351 2120 430 2182 portis
445 2117 596 2167 sublimibus
610 2118 721 2166 adstant.

179 2211 215 2257 At
228 2211 293 2257 Iuno
307 2224 320 2256 e
333 2223 444 2266 summo,
461 2207 503 2269 qui
517 2221 586 2254 nnnc
599 2206 717 2255 Albanus
731 2208 842 2258 habetur

76 2305 123 2347 135
145 2298 211 2361 (tum
237 2313 320 2360 neque
346 2312 441 2345 nomen
466 2303 520 2344 erat
544 2310 592 2343 nec
617 2295 701 2341 honos
727 2305 773 2344 aut
792 2297 872 2357 gloria

445 2384 548 2446 monti),

146 2476 305 2538 prospiciens
320 2474 418 2521 tumulo
433 2488 552 2536 eampum
566 2472 715 2534 aspectabat
729 2481 753 2521 et
768 2475 858 2522 ambas

145 2565 304 2612 Laurentum
317 2564 466 2625 Troumque
481 2562 548 2610 acies
561 2561 702 2623 urbemque
716 2561 814 2610 Latini.

135 2657 272 2725 extemplo
287 2655 374 2707 Turni
388 2654 427 2706 616
439 2659 481 2706 est
494 2651 585 2701 adlata
597 2660 725 2696 sororem.
