1808 2956
247 179 394 218 AENEIDOS
414 179 501 217 manu
519 180 559 218 VI·
738 171 752 218 3
764 172 770 215 l
785 170 798 215 l

73 335 181 384 floribus
195 335 310 382 insidunt
323 335 399 382 variis
412 344 438 383 et
451 335 562 383 candida
575 335 671 383 circum

73 424 133 472 lilia
145 423 296 481 funduntur,
312 423 401 486 strepit
414 423 497 470 omnis
511 437 641 470 murmure
654 438 768 485 campus.

33 519 52 562 0
74 511 202 560 horrescit
213 511 269 559 visu
282 511 367 558 subito
381 526 523 572 causasque
536 511 643 573 requirit

73 599 171 648 inscius
184 600 287 647 Aeneas
300 614 367 661 quae
380 600 431 646 sint
444 613 475 647 ea
487 598 594 646 flumina
605 614 692 661 porro,

75 688 151 751 quive
164 687 210 734 viri
224 693 297 734 tanto
311 687 456 749 conplerint
468 688 572 748 agmine
585 687 662 749 ripas.

74 784 130 823 tum
142 782 215 838 pater
227 775 354 823 Anchises
364 765 477 823 ‘animae
491 775 583 837 quibus
597 775 678 823 altera
691 775 743 822 fato

74 878 185 925 corpora
197 863 323 912 debentur
336 864 442 912 Lethaei
457 864 489 910 ud
502 863 614 910 fluminis
628 864 725 911 undam

28 957 52 1000 ,5
74 966 179 1000 securos
192 951 281 1000 latices
295 959 320 999 et
339 953 419 1012 longa
432 951 527 999 oblivia
540 958 639 1013 potant.

75 1039 122 1087 has
130 1039 250 1102 equidem
257 1053 400 1087 memorare
408 1039 454 1086 tibi
466 1046 543 1100 atque
556 1039 691 1087 ostendere
703 1054 799 1097 curam,

74 1127 304 1189 iampridamhanc
316 1127 416 1190 prolem
424 1127 501 1188 cupio
513 1141 663 1174 enumerare
675 1141 799 1185 meorum,

73 1230 127 1278 quo
140 1215 223 1277 magis
236 1215 313 1262 Italia
325 1229 426 1262 mecum
439 1215 534 1262 laetere
547 1207 666 1277 reperta'

69 1293 99 1351 ‘o
111 1311 199 1366 pater,
221 1317 288 1351 anne
306 1303 407 1365 aliquas
421 1303 453 1350 ad
472 1304 572 1351 caelum
585 1303 646 1352 hinc
659 1303 696 1351 ire
709 1310 801 1366 putau-

376 1391 461 1438 dumst

28 1486 54 1528 20
74 1478 198 1528 sublimes
212 1479 312 1526 animas
325 1480 468 1542 iterumque
482 1479 515 1526 ad
529 1479 603 1526 tarda
615 1478 706 1526 reverti

74 1566 202 1629 corpora?
221 1583 287 1629 quaa
300 1568 364 1615 lucis
378 1567 477 1614 miseris
491 1575 544 1615 tam
557 1567 613 1614 dira
627 1559 748 1628 cupido'i'

71 1645 168 1704 ‘dicam
181 1656 301 1717 equidem
314 1663 398 1704 necte
412 1669 573 1716 suspensum,
589 1661 657 1712 nate,
673 1646 772 1702 tenebo'

72 1743 183 1806 suscipit
195 1743 322 1792 Anchises
337 1751 413 1804 atque
427 1743 517 1790 ordine
530 1743 634 1803 singula
646 1742 745 1804 pandis.

106 1822 250 1894 ‘Principio
258 1831 358 1878 caelum
372 1847 401 1878 ac
415 1839 494 1879 terras
509 1844 666 1892 camposque
678 1830 800 1892 liquentis

28 1925 52 1969 25
74 1921 257 1981 lucentemque
270 1918 377 1980 globum
391 1920 468 1966 lunae
482 1919 637 1980 Titaniaque
650 1925 719 1966 astra

73 2008 179 2070 spiritus
191 2009 261 2055 intus
274 2007 321 2055 alit
334 2014 465 2069 totamque
478 2006 565 2054 infusa
577 2021 623 2068 per
635 2013 705 2055 artus

73 2111 146 2145 mens
160 2096 242 2158 agitat
254 2096 349 2143 molem
362 2103 387 2142 et
398 2109 494 2156 magno
508 2109 534 2142 se
548 2107 656 2156 corpore
669 2093 767 2142 miscet.

73 2184 134 2232 inde
153 2184 287 2231 hominnm
313 2183 492 2245 pecudumque
514 2197 596 2244 genus
620 2181 738 2244 vitaeque
757 2197 800 2230 vo-

375 2271 474 2318 lantum

74 2368 100 2408 et
106 2375 173 2422 quae
181 2372 325 2407 marmoreo
334 2358 504 2406 fertmonstra
511 2358 558 2406 sub
571 2373 683 2420 aequore
693 2368 797 2420 pontus.

28 2455 53 2497 ⁸0
73 2448 165 2510 ignens
178 2455 217 2496 est
230 2447 289 2495 ollis
308 2447 381 2508 vigor
398 2455 423 2494 et
436 2447 552 2494 caelestis
566 2447 640 2508 origo

73 2535 222 2595 seminibus,
239 2544 364 2598 quantum
377 2549 430 2582 non
444 2534 522 2581 noxia
535 2548 644 2596 corpora
657 2535 763 2582 tardant

73 2624 217 2686 terrenique
230 2623 356 2674 hebetant
374 2633 447 2675 artus
459 2622 684 2684 moribundaque
692 2617 834 2665 memm-
