1808 2956
87 151 146 199 18⁶2
325 162 350 199 r.
369 160 489 198 vnnernr
507 160 637 199 sinueris

153 317 216 365 talia
228 316 357 364 iactabam
370 323 395 364 ct
408 316 501 365 furiata
513 327 598 365 mente
612 317 720 374 ferebar,

154 421 212 453 curn
225 405 287 453 rnihi
301 420 336 464 se,
352 420 405 453 non
419 414 478 454 ante
491 406 573 454 oculis
587 414 639 454 tarn
651 408 729 464 clara,
745 407 883 454 ridendam

83 499 134 541 590
153 493 248 541 obtulit
260 501 285 542 et
297 509 362 557 pura
375 509 420 557 per
433 503 535 561 nectem
548 495 575 541 in
588 496 645 543 luce
658 495 758 543 refulsit

154 582 223 630 alma
235 597 337 645 parens,
353 583 470 631 confessa
484 583 558 630 deam
571 583 707 645 qualisque
722 584 800 631 videri

154 672 284 720 caelicolis
298 678 323 720 et
336 679 434 734 quanta
446 672 520 729 solet,
537 673 678 734 dextraque
692 673 846 734 prehensum

154 760 281 808 continuit
293 775 419 822 roseoque
432 759 496 808 haec
509 761 613 822 insuper
625 761 725 808 addidit
738 775 791 808 ore.

150 838 230 906 ‘nata
247 849 303 911 quis
317 848 455 896 indomitus
469 855 555 895 tantus
569 849 645 895 dolor
658 849 752 896 excitat
766 850 834 896 iras?

82 942 133 985 595
153 937 215 1000 quid
229 937 291 984 furis
305 944 350 984 aut
363 951 477 998 quonam
489 937 570 983 nostri
584 937 629 984 tibi
644 952 706 985 cura
719 938 840 985 recessit?

154 1040 206 1073 non
219 1026 289 1088 prius
304 1024 411 1093 aspicies
424 1025 468 1072 ubi
482 1025 576 1073 fessum
590 1033 673 1074 aetate
687 1035 819 1087 parentem

153 1114 257 1176 liqueris
271 1112 412 1171 Anchisen,
428 1122 531 1176 superet
544 1115 692 1162 coniunxne
706 1113 813 1172 Creusa,

153 1201 333 1263 Ascaniusque
346 1202 427 1264 puer?
447 1217 512 1265 quos
526 1217 615 1250 omncs
629 1203 743 1264 undique
758 1201 853 1250 Graiae

153 1290 250 1339 circum
263 1296 349 1337 errant
362 1291 429 1339 acies
443 1298 475 1349 ct,
491 1291 517 1337 ni
531 1305 588 1338 mea
602 1305 663 1338 cura
676 1291 785 1349 resistat,

81 1383 134 1426 600
153 1378 205 1426 iam
218 1377 337 1426 flammae
351 1380 463 1438 tulerint,
480 1379 598 1426 inimicus
613 1387 638 1427 et
650 1379 763 1427 hauserit
777 1380 854 1426 ensis.

152 1480 205 1514 non
218 1465 264 1513 tibi
277 1466 432 1529 Tyndaridis
446 1468 525 1516 facies
539 1468 621 1515 invisa
634 1468 770 1516 Lacaenae

153 1557 302 1619 culpatusve
315 1555 403 1615 Paris3
424 1557 510 1604 divom
523 1557 696 1614 inclementia,
713 1557 807 1614 dirorn,

153 1645 199 1692 has
213 1645 302 1692 evertit
315 1659 376 1708 opes
390 1646 531 1708 sternitque
544 1661 560 1693 a
573 1645 685 1693 culmine
698 1645 813 1691 Troiam.

153 1734 238 1796 aspice
249 1732 373 1796 (namque
387 1748 499 1792 omnem,
515 1749 581 1796 quae
593 1749 662 1781 nunc
675 1734 787 1781 obducta
800 1734 881 1780 tuenti

180 1823 269 1870 ortulis
282 1821 387 1869 hebetat
398 1822 466 1869 visus
480 1822 525 1869 tibi
539 1830 564 1870 et
577 1804 666 1870 umida
678 1823 776 1870 circum

153 1917 260 1972 tangat,
277 1910 371 1958 nubem
385 1911 507 1973 eripiam3
528 1918 555 1957 tu
569 1925 655 1973 nequa
667 1910 780 1972 parentis

152 1999 221 2046 iussa
233 1999 295 2046 tirne
309 2014 358 2047 neu
372 1999 516 2061 praeceptis
529 2014 619 2061 parere
632 2000 749 2061 rccusu):

152 2087 194 2136 hic
207 2087 251 2135 ubi
265 2088 383 2135 disiectas
397 2088 478 2136 moles
492 2088 631 2150 avolsaque
645 2088 713 2135 saxis

152 2191 216 2224 saxa
228 2176 298 2224 vides
312 2175 445 2238 mixtoque
458 2177 600 2224 undantem
613 2178 716 2240 pulvere
730 2175 840 2233 sumunt,

81 2269 133 2312 610
152 2264 286 2327 Neptunus
299 2278 385 2311 muros
399 2278 547 2326 magnoque
561 2272 646 2313 emota
660 2265 763 2312 tridenti

152 2353 320 2402 fundamenta
333 2353 416 2414 quatit
428 2358 560 2415 totamque
574 2369 589 2400 a
601 2353 705 2402 sedibus
722 2352 812 2400 urbem

153 2442 225 2490 eruit.
254 2441 296 2488 hie
309 2440 375 2488 Iuno
389 2439 483 2489 Scaeas
497 2441 646 2490 saevissima
659 2449 746 2505 portas

142 2530 233 2589 pn‘ma
247 2536 318 2577 tenet
330 2529 482 2593 sociumque
495 2528 582 2576 furens
597 2545 612 2576 a
624 2530 731 2577 naribus
745 2545 839 2591 agmen

127 2611 203 2661 ferro
214 2618 341 2669 accincta
358 2629 446 2670 vocat.
