1808 2956
84 180 145 226 212
325 189 350 226 Ρ.
370 188 490 226 YERGILI
509 188 639 226 nanctus

154 344 236 392 turriti
251 345 350 406 scopuli
364 344 509 406 refugitque
523 344 553 390 ab
568 344 644 392 litore
657 345 789 406 templum.

154 440 275 495 quattuor
294 433 351 491 hic,
378 433 490 494 primum
509 447 598 491 omen,
620 447 699 494 equos
720 434 746 480 in
765 437 884 495 gramine

454 521 515 579 vidi,

153 610 288 658 tondentes
302 625 422 672 campum
435 610 495 668 late,
512 610 624 657 candore
639 610 726 657 nivali.

153 705 179 746 et
191 699 397 761 paterAnchises
410 699 525 756 ‘bellum,
542 712 557 745 o
571 705 638 745 terra
650 698 761 760 hospita,
778 708 881 761 portas3

82 790 134 834 540
154 787 223 834 bello
242 794 374 834 armantur
397 787 471 849 eqni,
498 787 596 835 bellum
615 787 679 834 haec
699 797 816 835 armenta
835 791 883 836 mi·

455 883 558 923 nantur.

153 964 197 1012 sed
211 973 297 1012 tamen
310 965 379 1012 idem
393 965 456 1012 olim
470 979 545 1012 curru
558 965 696 1012 succedero
709 965 774 1012 sueti

153 1052 333 1114 quadrupedes
347 1059 371 1100 et
384 1052 456 1100 frena
468 1054 530 1113 iugo
545 1053 685 1100 concordia
698 1053 778 1100 ferre:

153 1155 210 1203 spes
224 1148 248 1188 et
261 1133 340 1202 pacis’
354 1141 398 1186 ait.
426 1148 480 1187 tum
494 1141 602 1188 numina
614 1150 703 1189 sancta
717 1158 852 1203 precamur

152 1228 267 1277 Palladis
281 1228 434 1286 armisonae,
452 1243 518 1291 quae
531 1230 614 1291 prima
627 1231 727 1292 acecpit
740 1231 848 1288 ovantis,

81 1322 132 1364 545
153 1324 178 1364 et
191 1317 276 1379 capita
289 1323 348 1364 ante
361 1331 418 1364 aras
431 1316 545 1380 Phrygio
558 1319 673 1366 velamur
687 1319 798 1376 amictn3

152 1406 347 1467 praeceptisque
360 1404 462 1465 Heleni,
479 1407 584 1455 dederat
597 1422 663 1469 quae
677 1408 798 1465 maxima,
815 1408 862 1455 rite

151 1493 246 1540 Iunoni
260 1493 372 1555 Argivae
385 1495 468 1542 iussos
483 1496 616 1544 adolemus
630 1496 752 1545 honores.

152 1582 221 1630 haud
235 1597 317 1641 mora,
333 1584 456 1631 continuo
469 1584 588 1646 perfectis
602 1585 692 1633 ordine
705 1585 769 1631 votis

152 1685 249 1719 cornua
261 1671 403 1718 velatarum
417 1671 571 1720 obvertimus
586 1680 756 1722 antennarum

80 1764 131 1807 550
152 1757 381 1822 Graiugenumque
413 1761 503 1808 domos
535 1769 706 1824 suspectaque
737 1762 879 1823 linquimus

453 1864 522 1897 arva.

150 1936 211 1984 hinc
225 1937 295 1985 sinus
308 1937 438 1996 Herculei,
455 1939 475 1985 si
489 1953 549 1986 vera
563 1945 600 1986 est
613 1938 690 1996 fama,
706 1939 813 1987 Tarenti

151 2025 278 2086 cemitur3
299 2026 396 2074 attollit
408 2041 434 2074 se
448 2027 507 2074 diva
520 2027 629 2074 Lacinia
642 2034 732 2074 eontra

151 2111 328 2177 Caulonisque
341 2130 413 2163 arces
426 2121 452 2162 et
464 2115 625 2176 navifragum
639 2114 800 2177 Scylaceum.

150 2208 205 2249 tum
217 2204 308 2265 procul
322 2203 426 2252 efluctu
440 2203 576 2252 Trinacria
589 2205 703 2252 cernitur
715 2205 802 2252 Aetna

79 2295 129 2339 555
151 2298 176 2339 et
187 2291 313 2352 gemitum
326 2292 458 2354 ingentem
470 2293 557 2354 pelagi
571 2294 725 2355 pulsataque
738 2309 802 2341 saxa

151 2380 268 2430 audimus
283 2382 360 2443 longe
374 2381 520 2443 fractasque
534 2382 566 2428 ad
581 2382 657 2429 litora
669 2397 744 2430 voces
794 2405 796 2410 ·

151 2469 319 2532 exultantquc
332 2470 399 2516 vada
412 2475 489 2531 atque
502 2476 574 2516 aestu
594 2471 734 2518 miscentur
753 2471 875 2520 harennc.

146 2563 175 2603 et
180 2563 261 2618 pater
269 2557 400 2606 Anchises
411 2547 544 2605 ‘nimirum
557 2558 621 2607 haec
634 2559 681 2606 illa
695 2551 839 2622 Charybdis
849 2578 855 2617 ;

126 2640 311 2696 liosHelenus
318 2649 458 2714 scopulos,
475 2646 892 2700 haecsanalvovrendacanenat.
