1808 2956
280 176 429 219 strambos
448 180 534 220 LlBER
551 183 571 220 Ι.
766 175 820 221 147

92 336 214 394 miratur,
229 335 298 383 videt
310 335 405 384 Iliacas
418 351 451 384 ex
464 338 554 385 ordine
565 353 666 401 pugnas

93 425 218 487 bellaque
231 425 284 472 ianr
296 424 367 473 fama
381 431 462 472 totum
475 427 580 488 volgata
592 442 638 489 per
651 427 748 487 orbem,

94 513 203 563 Atridas
210 513 394 576 Priamumque
407 522 432 562 et
444 529 548 562 saevom
560 515 685 562 ambobus
694 516 824 565 Achillen.

94 601 213 651 constitit
240 609 265 650 et
289 602 429 650 lacrimans
452 593 520 666 ‘quis
547 605 599 652 iam
625 596 705 653 locus'
730 605 824 668 inquit,

396 682 517 750 ‘Achata

48 784 77 828 to
96 793 165 842 quae
178 779 251 841 regio
264 780 291 826 in
304 781 376 828 terris
390 782 471 828 nostri
484 796 536 828 non
550 782 628 844 plena
641 781 756 829 laboris?

96 882 130 917 en
142 867 270 916 Priamus.
298 875 358 916 sunt
370 869 412 917 hic
425 871 502 917 etiam
516 885 563 918 sua
576 871 691 932 praemia
704 871 785 930 laudi,

96 964 159 1005 sunt
171 957 294 1005 lacrimae
307 972 391 1005 rerum
405 965 430 1005 et
442 966 553 1006 mentem
567 959 688 1006 mortalia
706 966 824 1020 tangunt.

97 1046 171 1094 solve
182 1053 278 1093 metus:
294 1046 358 1094 feret
369 1046 433 1094 haec
446 1047 560 1108 aliquam
568 1046 612 1093 tibi
621 1039 828 1096 famasalutem.’

97 1135 136 1182 sic
149 1134 186 1182 ait
199 1140 277 1196 atque
291 1135 405 1182 animum
419 1135 519 1196 pictura
531 1135 614 1196 pascit·
626 1136 707 1195 inani,

48 1228 78 1272 65
97 1223 182 1271 multa
198 1236 316 1284 gemens,
338 1224 463 1285 largoque
477 1231 589 1270 umectat
600 1223 705 1273 flumine
718 1226 825 1273 voltum.

97 1327 211 1374 namque
224 1311 327 1360 ridebat
338 1312 375 1359 uti
389 1311 514 1359 bellantes
528 1311 655 1373 Pergama
669 1313 765 1361 circum

98 1401 148 1450 hae
161 1400 280 1461 fugerent
293 1397 364 1457 Grai,
380 1407 506 1462 premeret
519 1400 634 1449 Troiana
646 1402 772 1460 iuventus,

98 1489 149 1538 hac
162 1488 285 1550 Phryges,
301 1489 408 1536 instaret
421 1504 496 1537 curru
511 1489 629 1536 cristatus
642 1490 768 1537 Achilles.

52 1620 59 1635 q
99 1592 148 1626 nec
161 1577 251 1640 procul
265 1576 326 1624 binc
340 1577 417 1624 Rhesi
431 1577 510 1625 niveis
525 1578 635 1624 tentoria
648 1579 710 1625 volis

48 1673 80 1716 tu
100 1666 237 1728 adgnoscit
250 1665 397 1723 lacrimans,
414 1667 496 1728 primo
511 1680 577 1727 quae
591 1665 695 1726 prodita
708 1680 799 1713 somno

100 1755 213 1817 Tydides
227 1755 309 1802 multa
322 1754 439 1802 vastabat
452 1756 530 1802 caede
544 1761 664 1802 cruentus

101 1844 272 1905 ardentesque
286 1843 376 1891 avertit
390 1858 469 1906 equos
483 1844 509 1890 in
524 1852 608 1891 castra
621 1843 691 1904 prius
705 1857 782 1904 quam

100 1931 197 1995 pabula
210 1939 357 1992 gustassent
369 1931 464 1980 Troiae
477 1932 662 1993 Xanthumque
676 1931 809 1979 bibissent.

102 2027 174 2084 parte
188 2021 240 2068 alia
252 2020 353 2081 lugiens
368 2020 468 2068 arnissis
481 2020 585 2068 Troilus
600 2021 685 2078 armis,

49 2115 80 2158 75
101 2109 193 2157 infelix
206 2123 269 2171 puer
282 2116 359 2171 atque
372 2109 447 2171 inpar
460 2122 612 2170 congressus
625 2108 732 2167 Achilli,

100 2198 181 2246 fertur
194 2198 266 2260 equis
280 2212 407 2259 curruque
421 2197 509 2244 haeret
522 2198 656 2260 resupinus
671 2197 752 2255 inani,

102 2287 159 2334 lora
172 2293 261 2334 tenens
274 2294 377 2344 tamen;
397 2284 458 2332 huie
476 2285 614 2348 cervixque
628 2299 768 2348 comaeque
781 2291 832 2332 tra·

404 2373 501 2421 huntur

102 2478 148 2527 per
161 2469 255 2512 terram
269 2470 294 2510 et
306 2476 378 2510 versa
390 2462 473 2525 pulvis
486 2461 635 2509 inscribitur
647 2461 729 2510 hasta.

102 2553 199 2600 interea
211 2552 244 2599 ad
258 2551 384 2616 templum
398 2567 453 2603 non
468 2550 804 2620 aequaeTallatus'xbam

48 2641 72 2682 νο
91 2637 204 2685 crinibus
215 2639 318 2692 iliades
333 2646 423 2710 passis
436 2648 616 2716 peplumque
628 2641 774 2746 terebrante

656 2729 701 2776 ib
