1808 2956
177 188 203 226 P.
221 187 563 238 vano.,n1an.anna1nos
581 189 669 228 mnan
686 190 714 228 v.
784 179 846 228 249

117 345 172 407 ipse
184 344 342 406 gubernator
354 344 435 406 puppi
448 344 585 391 Palinurus
601 343 633 392 ab
647 345 708 404 alta,

115 433 184 491 ‘heu,
200 432 322 495 quianam
335 432 400 478 tanti
413 433 548 480 cinxerunt
561 432 665 480 aethera
678 431 778 480 nimbi?

117 521 223 584 quidve,
238 525 311 582 pater
322 519 449 582 Neptune,
469 512 571 582 parasl'
589 521 626 568 sic
639 520 732 568 deinde
746 521 849 570 locutus

64 614 96 658 15
118 609 240 670 colligere
254 621 326 655 arma
338 606 566 670 inbetvalidiaque
579 608 729 656 incumbere
740 609 817 657 remis

117 697 286 759 obliquatque
299 695 370 743 sinus
384 696 410 742 in
424 703 528 743 ventum
541 711 571 744 ac
584 696 647 743 talia
660 695 737 743 fatur.

114 775 290 847 ‘magnanime
303 784 402 842 Aenea,
418 799 479 842 non,
496 784 517 834 si
530 784 593 831 mihi
607 783 721 846 Iuppiter
735 791 825 833 auctor

104 868 251 936 spondeat,
267 871 317 920 hoc
330 886 430 934 sperem
442 872 546 920 Italiam
559 873 709 934 contingere
722 873 804 922 caelo.

117 961 208 1009 mutati
221 969 365 1008 transversa
378 959 489 1008 fremunt
502 967 527 1008 et
538 975 643 1023 vespere
656 960 688 1008 ab
703 970 759 1009 atro

63 1055 97 1098 20
118 1055 277 1111 consurgunt
289 1049 357 1097 venti
372 1055 449 1110 atque
462 1049 488 1095 in
502 1049 597 1097 nubem
611 1049 713 1111 cogitur
726 1064 778 1098 aar.

116 1152 165 1185 nec
177 1152 225 1185 nos
238 1137 320 1185 obniti
334 1144 424 1184 contra
437 1151 485 1185 nec
498 1137 602 1185 tendere
615 1144 714 1186 tantum

118 1225 267 1274 sufficimus.
294 1233 398 1288 superat
411 1225 533 1287 quoniam
546 1226 669 1285 Fortuna,
682 1229 826 1289 'aequamur

118 1328 221 1377 qnoque
234 1321 309 1363 vocat
321 1322 449 1362 vertamus
462 1313 518 1362 iter.
546 1328 594 1362 nec
608 1315 685 1362 litora
697 1315 776 1376 longe

118 1402 171 1450 fida
183 1416 241 1450 reor
253 1403 366 1451 fraterna
378 1402 467 1464 Erycis
480 1411 621 1465 portusque
633 1401 751 1462 Sicanos,

65 1496 98 1539 25
119 1490 140 1538 si
153 1492 232 1538 modo
245 1492 293 1540 rite
306 1506 405 1540 memor
417 1498 517 1540 servata
531 1492 651 1540 remetior
664 1483 752 1541 estre?

119 1585 172 1627 tum
185 1580 242 1642 pius
255 1580 358 1628 Aeneas
368 1570 500 1641 ‘equidem
512 1579 549 1627 sic
562 1593 668 1641 poscere
680 1587 768 1628 ventos

117 1668 260 1715 iandudum
274 1675 299 1716 et
311 1668 404 1715 frustra
417 1681 494 1716 cerno
508 1675 533 1716 te
545 1668 650 1716 tendere
663 1675 762 1716 contra.

117 1756 190 1804 flecte
202 1756 271 1803 viam
283 1756 354 1803 velis.
383 1770 416 1804 an
430 1756 463 1803 sit
475 1755 539 1802 mihi
552 1756 650 1817 gratior
662 1756 717 1804 nlla

117 1858 200 1906 quove
212 1844 295 1905 magis
309 1843 388 1892 fessus
403 1851 489 1907 optem
503 1844 636 1892 demittere
650 1844 721 1892 navis

60 1939 96 1982 ³0
117 1947 195 1995 quam
209 1947 274 1994 quae
287 1932 449 1980 Dardanium
462 1933 539 1980 tellus
557 1932 620 1979 mihi
639 1922 722 1980 seruat
733 1933 848 1981 Acesten

116 2028 141 2069 et
153 2022 232 2083 petris
245 2021 377 2069 Anchisae
389 2005 489 2081 gremio
503 2020 675 2083 conplectitur
681 2013 771 2068 ossal’

116 2110 182 2158 haec
193 2110 238 2157 ubi
252 2110 330 2167 dicta,
345 2116 435 2171 petunt
448 2116 536 2171 portus
549 2115 575 2156 et
586 2110 643 2157 vela
656 2110 762 2158 secundi

114 2199 252 2247 intendunt
264 2197 377 2260 zephyri,
392 2196 472 2246 fertur
484 2197 535 2245 cita
547 2197 649 2258 gurgite
662 2197 751 2246 classis

116 2295 141 2336 et
154 2287 258 2336 tandem
271 2287 332 2335 laeti
345 2293 422 2334 notae
435 2286 602 2333 advertuntur
615 2285 736 2334 harenae.

60 2382 95 2425 35
151 2376 188 2423 At
200 2376 291 2438 procul
305 2390 338 2423 ex
351 2375 420 2423 celso
434 2375 541 2422 miratus
553 2375 648 2422 vertice
661 2374 757 2430 montis

115 2464 254 2512 adventum
267 2464 403 2525 sociasque
415 2469 482 2510 rates
496 2462 608 2510 occurrit
620 2463 735 2520 Acestes,

114 2552 234 2599 horridus
247 2553 274 2599 in
287 2552 379 2601 iaculis
394 2559 419 2601 et
431 2549 663 2616 pertentassent
674 2561 770 2603 ursae,

107 2639 185 2686 Troia
199 2638 313 2691 Crimiso
329 2652 497 2712 conceptum
509 2643 630 2694 ilutnine
641 2643 735 2686 mater
752 2704 758 2710 .
