1808 2956
244 187 391 226 Aruernos
410 188 495 226 LIBER
514 189 564 226 vu·
740 180 800 227 333

26 351 54 394 30
75 344 185 392 volvitur
198 351 295 391 attactu
308 344 381 390 nullo
395 343 514 405 fallitque
528 343 663 402 furentem,

74 433 205 495 vipeream
217 432 346 494 inspirans
360 432 489 491 animam3
510 432 538 479 fit
551 433 637 481 tortile
650 433 719 487 eollo

74 536 166 568 aurum
177 520 269 581 ingens
280 519 396 575 coluber,
412 519 441 567 fit
453 521 547 580 longae
561 520 647 569 taenia
660 520 746 581 vittae,

74 609 233 670 innectitque
248 623 336 656 comas
349 615 374 655 et
386 608 507 656 membris
520 608 634 656 lubricus
648 615 723 655 errat.

75 713 105 744 ac
119 697 181 743 dum
194 697 277 758 prima
290 697 345 744 lues
359 697 410 743 udo
424 696 546 758 sublapsa
560 711 657 744 veneno

26 791 55 834 55
77 792 232 848 pertemptat
244 799 333 833 sensus
347 791 424 846 atque
437 785 536 832 ossibus
550 785 658 847 inplicat
670 785 758 844 ignem

76 873 187 921 needum
201 873 302 920 animus
315 880 370 921 toto
384 873 498 935 percepit
510 881 612 935 pectore
625 873 764 930 flammam,

75 961 181 1008 mollius
194 968 219 1008 et
232 961 310 1009 solite
324 969 435 1009 matrum
448 962 479 1009 de
493 976 563 1009 more
576 962 696 1018 locutam,

75 1049 157 1097 multa
174 1064 251 1112 super
270 1056 346 1097 natae
366 1050 505 1097 lacrimans
524 1048 695 1110 Phrygiisque
716 1048 804 1110 hyme-

378 1151 457 1185 uaers.

71 1214 236 1273 ‘exulibusue
250 1226 325 1272 datur
339 1225 456 1273 ducenda
469 1225 578 1272 Lavinia
590 1225 706 1285 Teucris,

26 1318 54 1361 30
75 1328 91 1360 o
104 1314 223 1375 genitor?
242 1328 290 1360 nee
303 1321 327 1360 te
340 1313 443 1362 miseret
455 1320 601 1375 gnataeque
615 1313 719 1376 tuique?

75 1416 123 1449 nec
136 1402 225 1449 matris
244 1402 361 1460 miseret,
384 1416 462 1463 quam
482 1402 565 1464 primo
584 1402 707 1464 aquilone
725 1402 803 1449 relin-

377 1497 438 1551 quet

75 1577 194 1640 perfidus,
210 1578 263 1625 alta
276 1585 364 1639 petens
378 1577 489 1624 abducta
501 1577 599 1638 virgine
612 1578 727 1639 praedo?

75 1672 102 1713 at
115 1680 167 1712 nou
180 1665 216 1712 sic
230 1665 357 1727 Phrygius
374 1673 492 1727 penetrat
503 1665 702 1712 Lacedaemona
714 1673 803 1727 pastor

74 1753 257 1815 Ledaeamque
271 1753 397 1802 Helenam
410 1753 537 1800 Troianas
550 1753 619 1799 vexit
632 1753 664 1800 ad
678 1752 762 1800 urbes.

26 1847 53 1890 35
75 1840 138 1902 quid
152 1849 196 1888 tua
208 1849 297 1889 sancta
314 1841 395 1889 fides?
415 1841 477 1902 quid
497 1855 558 1888 cura
579 1841 687 1902 antiqua
699 1856 803 1889 tuorum

76 1937 101 1977 ct
114 1930 307 1991 consanguineo
321 1931 413 1977 totiens
429 1930 488 1976 data
502 1930 607 1976 dextera
620 1929 727 1977 Turno?

75 2018 96 2064 si
109 2032 189 2078 gener
201 2025 308 2066 externa
320 2019 415 2080 petitur
428 2019 459 2065 de
471 2025 547 2078 gente
560 2017 660 2065 Latinis

74 2106 153 2167 idque
166 2107 238 2154 sedet
249 2105 383 2167 Faunique
397 2113 516 2168 premunt
528 2114 553 2154 te
566 2107 635 2153 iussa
648 2105 770 2168 parentis,

75 2208 179 2242 omnem
190 2194 423 2256 equidemseeptris
431 2201 524 2242 terram
536 2209 603 2257 quae
615 2194 697 2242 libera
709 2194 802 2241 nostris

26 2288 55 2332 10
76 2282 183 2330 dissidet
195 2289 327 2330 externam
340 2296 398 2329 reor
410 2283 484 2330 etsie
497 2284 582 2331 dicere
596 2283 676 2330 divos.

75 2377 101 2418 et
113 2370 211 2428 Turno,
227 2369 248 2417 si
262 2370 345 2431 prima
358 2370 449 2417 domus
462 2378 592 2432 repetatur
605 2370 687 2431 origo,

74 2458 186 2506 inachus
200 2457 368 2519 Acrisiusque
388 2465 472 2520 patres
490 2459 642 2520 mediaeque
659 2449 803 2519 Mycenae'

113 2545 159 2593 His
172 2546 216 2593 ubi
230 2545 388 2606 nequiquam
402 2546 477 2594 dictis
491 2556 599 2608 experta
609 2545 739 2593 Latinum

74 2640 162 2679 contra
175 2641 244 2681 stare
258 2634 329 2684 ridet
341 2635 506 2701 penitusque
517 2637 552 2685 'm
561 2637 670 2684 uiscera
676 2632 798 2688 tantm
