1808 2956
246 148 415 189 ononmoou
433 149 520 189 Linus
537 151 567 189 11.
722 173 727 182 .
768 142 805 189 79

76 305 222 369 agricolas!
246 305 339 368 quibus
356 306 422 369 ipsa,
438 307 529 369 procul
542 307 704 356 discordibus
718 308 806 367 armis,

30 401 56 445 30
75 395 162 443 fundit
174 394 254 442 humo
268 394 371 443 facilem
383 395 479 443 victum
490 395 630 444 iustissima
642 398 728 445 tellus.

76 485 97 533 si
111 498 165 532 non
178 484 311 546 ingentem
324 483 422 532 foribus
436 485 527 532 domus
540 486 594 533 alta
607 486 722 548 superbis

75 587 153 622 mane
165 573 324 620 salutantum
337 573 397 620 totis
410 573 490 620 vomit
503 574 608 622 aedibus
622 575 728 634 undam,

76 677 124 712 nec
137 661 222 710 varios
236 661 337 709 inhiant
349 661 458 724 pulchra
470 663 598 711 testudine
614 671 699 726 postes

74 752 228 812 inlusasque
240 765 303 799 suro
316 757 397 799 vestes
410 751 591 814 Ephyreiaque
605 767 673 811 aera,

30 846 55 890 55
75 840 138 889 alba
149 853 234 901 neque
248 839 353 901 Assyrio
367 839 468 887 lucatur
481 840 542 887 lana
555 855 652 888 veneno

75 943 124 978 nec
138 927 209 976 casia
221 927 313 990 liquidi
327 929 499 991 corrumpitur
512 944 571 976 usus
586 930 656 988 olivi,

76 1026 103 1066 at
115 1031 208 1065 secura
221 1016 293 1078 quies
306 1024 332 1064 et
345 1017 432 1065 nescia
445 1018 534 1066 fallere
547 1018 607 1077 vita,

76 1107 146 1155 dives
159 1119 239 1167 opum
252 1105 390 1163 variarum,
406 1107 503 1154 stlatis
517 1107 570 1154 otia
583 1107 678 1166 lundis,

75 1194 216 1258 speluncae
229 1194 330 1257 vivique
343 1195 423 1253 lacus,
440 1202 466 1242 at
478 1195 573 1257 frigida
585 1203 669 1258 tempe

30 1287 57 1332 to
75 1284 242 1346 mugitusque
255 1282 334 1331 boum
347 1284 490 1347 mollesque
503 1285 549 1332 sub
564 1284 655 1332 arbore
668 1285 751 1332 somni

75 1387 129 1421 non
143 1371 250 1420 absunt:
272 1372 326 1420 illic
340 1374 420 1421 saltus
434 1387 464 1420 ac
477 1373 557 1420 lustra
570 1372 681 1420 serarum

76 1468 101 1510 et
112 1461 214 1525 patiens
228 1475 335 1523 operum
348 1461 495 1523 exiguoque
508 1462 615 1509 adsueta
628 1462 754 1520 iuventus,

76 1565 151 1599 sacra
163 1550 240 1597 deum
253 1550 387 1612 sanctique
400 1556 502 1612 potres3
523 1557 638 1598 extrema
650 1566 696 1613 per
708 1551 770 1598 illos

75 1639 179 1687 Iustitia
192 1638 318 1686 excedens
331 1638 405 1686 terris
419 1639 527 1700 vestigia
539 1638 607 1686 fecit.

30 1731 56 1775 l5
111 1728 156 1776 Me
168 1742 229 1775 vero
242 1727 354 1789 primum
367 1728 455 1775 dulces
469 1735 528 1776 ante
541 1728 629 1775 omnia
642 1742 738 1785 musae,

48 1872 52 1879 ,
75 1832 186 1880 quarum
199 1831 273 1864 sacra
285 1815 338 1863 fero
351 1815 450 1878 ingenti
463 1831 599 1879 percussus
612 1831 708 1875 amore,

75 1906 206 1968 accipiant
219 1904 336 1966 caelique
349 1905 402 1952 vias
416 1912 441 1952 et
453 1906 538 1954 sidera
550 1913 701 1964 monstrent,

75 1994 190 2043 defectus
204 1992 267 2041 solis
280 1993 363 2041 varios
378 1994 506 2056 lunaeque
519 1995 637 2054 labores3

75 2084 144 2132 unde
158 2090 254 2131 tremor
266 2082 347 2140 torris,
363 2083 450 2144 quavi
464 2085 547 2131 maria
560 2085 613 2132 alta
625 2090 771 2132 tumescant

30 2176 56 2220 ΞΟ
75 2171 194 2220 obicibus
207 2171 289 2233 ruptis
302 2186 441 2233 rursusque
454 2173 480 2219 in
494 2188 520 2220 se
533 2174 590 2235 ipsa
602 2173 725 2230 residant,

74 2261 138 2325 quid
151 2267 253 2308 tantum
267 2259 372 2309 Oceano
385 2268 523 2325 properent
535 2275 561 2308 se
575 2261 691 2322 tinguere
705 2261 773 2308 soles

73 2348 177 2399 hiberni
190 2350 230 2396 vel
245 2364 311 2411 quae
324 2350 403 2398 tardis
417 2366 489 2398 mora
502 2349 620 2398 noctibus
633 2350 725 2398 obstet.

73 2440 115 2487 sin
128 2439 176 2490 has
189 2451 223 2486 ue
236 2437 332 2500 possim
346 2447 452 2487 naturae
465 2440 587 2487 accedere
600 2447 686 2501 partes

74 2528 186 2590 frigidus
200 2525 328 2573 obstiterit
342 2527 438 2575 circum
450 2528 602 2589 praecordia
615 2528 729 2589 sanguis,

30 2620 53 2665 35
73 2632 136 2665 rura
148 2614 212 2662 mihi
226 2622 251 2662 et
264 2615 330 2675 rigui
344 2616 464 2678 placeant
475 2617 502 2663 in
515 2615 624 2663 vallibus
639 2631 741 2672 amnes.v
