1808 2956
94 184 153 229 41⁸2
183 193 209 231 P.
227 192 349 231 'r'ERGlLI
369 191 500 231 MARONIS
518 191 667 231 Annnlnos
685 193 747 232 ΜΒ.
765 195 809 234 IX·

163 348 208 396 itte
222 348 326 410 quidem
339 347 390 395 hoc
403 348 508 410 cupiens
522 347 588 409 potis
603 355 641 396 est
651 363 698 411 per
705 350 761 397 tela
767 350 892 414 virosque.

164 436 232 484 haud
247 436 321 483 aliter
334 443 402 484 retro
416 435 509 483 dubius
522 435 631 497 vestigia
643 435 751 486 Turnus

94 528 143 574 795
164 525 330 587 inproperate
342 525 419 573 refert
433 533 458 572 et
470 539 542 573 mens
556 531 691 572 exaestuat
703 525 753 573 ira.

164 614 317 678 quinetiam
331 613 370 661 bis
384 621 439 661 tum
452 613 550 661 medios
565 612 695 661 invaserat
707 613 802 674 hostis,

164 702 202 750 bis
217 702 325 750 confusa
338 702 400 763 sugo
413 717 459 764 per
471 716 557 749 muros
572 701 678 762 ngmina
690 703 783 750 vortit:

163 791 206 839 sed
222 805 312 837 munus
327 804 340 837 e
354 791 442 838 castris
456 804 564 853 propere
578 791 630 838 coit
643 790 728 838 omnis
743 791 771 838 in
785 807 874 852 unum,

164 893 212 926 nec
226 888 316 927 contro
329 880 394 926 vires
408 879 486 926 audet
499 877 620 926 Saturnia
633 879 699 926 Iuno

93 973 144 1016 800
164 968 295 1016 sufficere:
317 968 413 1014 nerium
428 968 500 1015 caelo
514 981 574 1014 narn
586 966 703 1029 Iuppiter
717 967 781 1015 irim

165 1057 275 1114 demisit,
290 1070 429 1116 germanae
442 1055 511 1102 houd
525 1056 616 1103 mollis
628 1056 700 1102 iussa
713 1056 850 1118 serentem,

164 1144 189 1190 ni
204 1144 305 1191 Turnus
320 1145 394 1192 cedat
406 1144 566 1192 Teucrorum
579 1143 715 1192 moenibus
729 1146 800 1194 ultis.

164 1246 225 1292 ergo
239 1246 286 1279 nec
299 1232 384 1294 clipeo
397 1232 495 1280 iuvenis
509 1233 646 1280 subsistere
660 1240 763 1280 tantum

164 1335 211 1368 nec
225 1321 315 1367 dextro
327 1320 410 1368 valet:
432 1321 532 1369 iniectis
546 1322 582 1368 sic
595 1321 711 1383 undique
724 1322 785 1370 telis

94 1414 143 1457 805
164 1409 288 1456 obruitur.
316 1410 406 1471 strepit
420 1410 528 1457 adsiduo
543 1425 605 1457 cavo
618 1417 736 1471 tempora
750 1411 851 1460 circum

164 1498 257 1545 tinnitu
271 1498 346 1558 guleu
359 1505 385 1545 et
397 1498 467 1545 saxis
481 1498 565 1546 solida
578 1512 638 1546 aera
651 1497 786 1558 fatiscunt,

164 1586 345 1649 discussaeque
359 1586 434 1634 iubae
449 1587 536 1648 capiti,
552 1601 599 1634 neo
612 1586 707 1634 suffieit
720 1588 801 1636 umbo

162 1675 265 1734 ictibus,
281 1675 443 1736 ingeminant
456 1676 535 1722 hastis
550 1682 575 1722 et
587 1675 668 1722 Troes
681 1682 707 1722 et
719 1675 776 1737 ipse

163 1765 302 1812 fulmineus
315 1763 472 1811 Mnestheus.
501 1771 554 1810 turn
568 1771 622 1811 toto
636 1778 744 1826 corpore
758 1766 841 1814 sudor

92 1856 143 1899 810
164 1852 271 1914 liquitur
283 1860 309 1900 et
321 1853 422 1914 piceum
437 1851 496 1914 (nec
509 1853 634 1914 respirare
648 1852 774 1916 potestas)

163 1939 257 1987 flumen
271 1941 332 2001 agit,
349 1941 428 1988 sessos
442 1941 525 2003 quatit
538 1955 614 2001 aeger
627 1940 756 1988 anhelitus
770 1951 853 1991 ortus.

163 2034 217 2074 tum
231 2028 334 2076 demum
347 2044 470 2092 praeceps
484 2029 550 2076 saltu
565 2043 620 2076 sese
634 2028 752 2076 omnibus
767 2032 849 2079 armis

161 2115 189 2162 in
202 2115 307 2163 fluvium
321 2117 405 2165 dedit:
426 2118 472 2165 ilie
485 2133 531 2164 suo
546 2133 603 2165 eum
617 2118 718 2178 gurgite
731 2117 799 2166 flavo

163 2205 262 2267 accepit
274 2206 418 2254 venientem
431 2221 462 2254 ne
474 2205 595 2254 mollibus
609 2206 701 2254 extulit
712 2207 791 2255 undis

91 2298 140 2341 815
162 2301 186 2341 et
199 2294 295 2341 laetum
308 2294 385 2342 sociis
399 2295 488 2343 abluta
502 2295 580 2343 caede
593 2295 699 2343 remisit.
