<?xml version="1.0" encoding="UTF-8"?>
<!DOCTYPE html PUBLIC "-//W3C//DTD XHTML 1.0 Transitional//EN"
    "http://www.w3.org/TR/xhtml1/DTD/xhtml1-transitional.dtd">
<html xmlns="http://www.w3.org/1999/xhtml" xml:lang="en" lang="en">
 <head>
  <title>
</title>
<meta http-equiv="Content-Type" content="text/html;charset=utf-8" />
  <meta name='ocr-system' content='tesseract 3.04.00' />
  <meta name='ocr-capabilities' content='ocr_page ocr_carea ocr_par ocr_line ocrx_word'/>
</head>
<body>
  <div class='ocr_page' id='page_1' title='image "./pvergiliusmaro00virggoog/pvergiliusmaro00virggoog_0494.png"; bbox 0 0 1808 2956; ppageno 0'>
   <div class='ocr_carea' id='block_1_1' title="bbox 79 38 896 234">
    <p class='ocr_par' dir='ltr' id='par_1_1' title="bbox 79 38 896 234">
     <span class='ocr_line' id='line_1_1' title="bbox 79 38 896 234; baseline -0.007 0"><span class='ocrx_word' id='word_1_1' title='bbox 79 186 138 234; x_wconf 81' lang='lat'><strong>500</strong></span> <span class='ocrx_word' id='word_1_2' title='bbox 315 195 341 233; x_wconf 77' lang='lat'><strong>1³.</strong></span> <span class='ocrx_word' id='word_1_3' title='bbox 358 193 479 233; x_wconf 74' lang='lat' dir='ltr'><strong>imarum</strong></span> <span class='ocrx_word' id='word_1_4' title='bbox 499 191 630 232; x_wconf 76' lang='grc'>000000</span> <span class='ocrx_word' id='word_1_5' title='bbox 888 38 896 221; x_wconf 74' lang='lat' dir='ltr'><strong>h</strong></span> 
     </span>
    </p>
   </div>
   <div class='ocr_carea' id='block_1_2' title="bbox 72 346 896 1206">
    <p class='ocr_par' dir='ltr' id='par_1_2' title="bbox 72 346 893 499">
     <span class='ocr_line' id='line_1_2' title="bbox 146 346 893 419; baseline -0.004 -20"><span class='ocrx_word' id='word_1_6' title='bbox 146 364 336 413; x_wconf 76' lang='lat' dir='ltr'><strong>conversaeque</strong></span> <span class='ocrx_word' id='word_1_7' title='bbox 348 354 426 396; x_wconf 88' lang='lat' dir='ltr'><strong>ruent</strong></span> <span class='ocrx_word' id='word_1_8' title='bbox 438 349 521 409; x_wconf 88' lang='lat' dir='ltr'><strong>acies;</strong></span> <span class='ocrx_word' id='word_1_9' title='bbox 542 348 591 397; x_wconf 88' lang='lat' dir='ltr'><strong>lert</strong></span> <span class='ocrx_word' id='word_1_10' title='bbox 602 348 714 411; x_wconf 87' lang='lat' dir='ltr'><strong>impetus</strong></span> <span class='ocrx_word' id='word_1_11' title='bbox 728 349 814 412; x_wconf 87' lang='lat' dir='ltr'><strong>ipsum</strong></span> <span class='ocrx_word' id='word_1_12' title='bbox 888 346 893 419; x_wconf 79' lang='grc' dir='ltr'>Ι</span> 
     </span>
     <span class='ocr_line' id='line_1_3' title="bbox 72 426 893 499; baseline -0.002 -12"><span class='ocrx_word' id='word_1_13' title='bbox 72 444 123 489; x_wconf 85' lang='grc'><strong>370</strong></span> <span class='ocrx_word' id='word_1_14' title='bbox 144 447 168 487; x_wconf 93' lang='lat' dir='ltr'><strong>et</strong></span> <span class='ocrx_word' id='word_1_15' title='bbox 182 441 285 488; x_wconf 88' lang='lat' dir='ltr'><strong>cristam</strong></span> <span class='ocrx_word' id='word_1_16' title='bbox 298 440 404 486; x_wconf 86' lang='lat' dir='ltr'><strong>adverso</strong></span> <span class='ocrx_word' id='word_1_17' title='bbox 418 452 494 486; x_wconf 88' lang='lat' dir='ltr'><strong>curru</strong></span> <span class='ocrx_word' id='word_1_18' title='bbox 507 437 591 499; x_wconf 88' lang='lat' dir='ltr'><strong>quatit</strong></span> <span class='ocrx_word' id='word_1_19' title='bbox 604 452 668 484; x_wconf 84' lang='lat' dir='ltr'><strong>aura</strong></span> <span class='ocrx_word' id='word_1_20' title='bbox 680 439 821 486; x_wconf 86' lang='lat' dir='ltr'><strong>volantem.</strong></span> <span class='ocrx_word' id='word_1_21' title='bbox 890 426 893 431; x_wconf 46' lang='lat'>¹</span> 
     </span>
    </p>

    <p class='ocr_par' dir='ltr' id='par_1_3' title="bbox 143 525 896 588">
     <span class='ocr_line' id='line_1_4' title="bbox 143 525 896 588; baseline -0.009 -13"><span class='ocrx_word' id='word_1_22' title='bbox 143 543 195 576; x_wconf 91' lang='lat' dir='ltr'><strong>non</strong></span> <span class='ocrx_word' id='word_1_23' title='bbox 209 529 268 576; x_wconf 92' lang='lat' dir='ltr'><strong>tulit</strong></span> <span class='ocrx_word' id='word_1_24' title='bbox 277 529 415 575; x_wconf 81' lang='lat' dir='ltr'><strong>instantem</strong></span> <span class='ocrx_word' id='word_1_25' title='bbox 422 526 540 588; x_wconf 86' lang='lat' dir='ltr'><strong>Phegeus</strong></span> <span class='ocrx_word' id='word_1_26' title='bbox 552 525 698 587; x_wconf 83' lang='lat' dir='ltr'><strong>animisque</strong></span> <span class='ocrx_word' id='word_1_27' title='bbox 708 526 861 574; x_wconf 81' lang='lat' dir='ltr'><strong>frementem:</strong></span> <span class='ocrx_word' id='word_1_28' title='bbox 892 576 896 587; x_wconf 41' lang='grc' dir='ltr'>Ι</span> 
     </span>
    </p>

    <p class='ocr_par' dir='ltr' id='par_1_4' title="bbox 144 594 896 677">
     <span class='ocr_line' id='line_1_5' title="bbox 144 594 896 677; baseline -0.004 -12"><span class='ocrx_word' id='word_1_29' title='bbox 144 617 239 665; x_wconf 89' lang='lat' dir='ltr'><strong>obiecit</strong></span> <span class='ocrx_word' id='word_1_30' title='bbox 251 631 306 664; x_wconf 88' lang='lat' dir='ltr'><strong>sese</strong></span> <span class='ocrx_word' id='word_1_31' title='bbox 320 615 352 663; x_wconf 91' lang='lat' dir='ltr'><strong>ad</strong></span> <span class='ocrx_word' id='word_1_32' title='bbox 367 630 469 663; x_wconf 88' lang='lat' dir='ltr'><strong>currum</strong></span> <span class='ocrx_word' id='word_1_33' title='bbox 482 621 507 662; x_wconf 91' lang='lat' dir='ltr'><strong>et</strong></span> <span class='ocrx_word' id='word_1_34' title='bbox 519 614 667 677; x_wconf 80' lang='lat' dir='ltr'><strong>spumantia</strong></span> <span class='ocrx_word' id='word_1_35' title='bbox 680 614 760 663; x_wconf 88' lang='lat' dir='ltr'><strong>frenis</strong></span> <span class='ocrx_word' id='word_1_36' title='bbox 893 594 896 601; x_wconf 27' lang='grc' dir='ltr'>Ι</span> 
     </span>
    </p>

    <p class='ocr_par' dir='ltr' id='par_1_5' title="bbox 144 703 712 764">
     <span class='ocr_line' id='line_1_6' title="bbox 144 703 712 764; baseline -0.005 -12"><span class='ocrx_word' id='word_1_37' title='bbox 144 720 190 752; x_wconf 91' lang='lat' dir='ltr'><strong>ora</strong></span> <span class='ocrx_word' id='word_1_38' title='bbox 203 705 340 753; x_wconf 88' lang='lat' dir='ltr'><strong>citatorum</strong></span> <span class='ocrx_word' id='word_1_39' title='bbox 353 703 444 750; x_wconf 86' lang='lat' dir='ltr'><strong>dextra</strong></span> <span class='ocrx_word' id='word_1_40' title='bbox 456 703 564 750; x_wconf 88' lang='lat' dir='ltr'><strong>detorsit</strong></span> <span class='ocrx_word' id='word_1_41' title='bbox 577 716 712 764; x_wconf 90' lang='lat' dir='ltr'><strong>equorum.</strong></span> 
     </span>
    </p>

    <p class='ocr_par' dir='ltr' id='par_1_6' title="bbox 73 790 863 942">
     <span class='ocr_line' id='line_1_7' title="bbox 145 790 863 853; baseline -0.007 -12"><span class='ocrx_word' id='word_1_42' title='bbox 145 795 206 841; x_wconf 92' lang='lat' dir='ltr'><strong>dum</strong></span> <span class='ocrx_word' id='word_1_43' title='bbox 220 793 329 840; x_wconf 84' lang='lat' dir='ltr'><strong>trahitur</strong></span> <span class='ocrx_word' id='word_1_44' title='bbox 342 791 487 853; x_wconf 86' lang='lat' dir='ltr'><strong>pendetque</strong></span> <span class='ocrx_word' id='word_1_45' title='bbox 501 791 580 852; x_wconf 88' lang='lat' dir='ltr'><strong>iugis,</strong></span> <span class='ocrx_word' id='word_1_46' title='bbox 601 790 670 838; x_wconf 91' lang='lat' dir='ltr'><strong>hunc</strong></span> <span class='ocrx_word' id='word_1_47' title='bbox 684 791 739 839; x_wconf 87' lang='lat' dir='ltr'><strong>lata</strong></span> <span class='ocrx_word' id='word_1_48' title='bbox 752 798 863 840; x_wconf 86' lang='lat' dir='ltr'><strong>retectum</strong></span> 
     </span>
     <span class='ocr_line' id='line_1_8' title="bbox 73 878 784 942; baseline -0.003 -12"><span class='ocrx_word' id='word_1_49' title='bbox 73 886 124 932; x_wconf 86' lang='grc'><strong>375</strong></span> <span class='ocrx_word' id='word_1_50' title='bbox 144 884 234 931; x_wconf 87' lang='lat' dir='ltr'><strong>lancea</strong></span> <span class='ocrx_word' id='word_1_51' title='bbox 248 881 412 942; x_wconf 82' lang='lat' dir='ltr'><strong>consequitur</strong></span> <span class='ocrx_word' id='word_1_52' title='bbox 425 879 572 942; x_wconf 88' lang='lat' dir='ltr'><strong>rumpitque</strong></span> <span class='ocrx_word' id='word_1_53' title='bbox 584 878 666 925; x_wconf 83' lang='lat' dir='ltr'><strong>infixa</strong></span> <span class='ocrx_word' id='word_1_54' title='bbox 678 878 784 928; x_wconf 87' lang='lat' dir='ltr'><strong>bilicem</strong></span> 
     </span>
    </p>

    <p class='ocr_par' dir='ltr' id='par_1_7' title="bbox 143 967 796 1030">
     <span class='ocr_line' id='line_1_9' title="bbox 143 967 796 1030; baseline -0.003 -12"><span class='ocrx_word' id='word_1_55' title='bbox 143 971 252 1019; x_wconf 89' lang='lat' dir='ltr'><strong>loricam</strong></span> <span class='ocrx_word' id='word_1_56' title='bbox 265 977 289 1018; x_wconf 93' lang='lat' dir='ltr'><strong>ct</strong></span> <span class='ocrx_word' id='word_1_57' title='bbox 302 983 430 1017; x_wconf 91' lang='lat' dir='ltr'><strong>summum</strong></span> <span class='ocrx_word' id='word_1_58' title='bbox 444 968 563 1028; x_wconf 86' lang='lat' dir='ltr'><strong>degustat</strong></span> <span class='ocrx_word' id='word_1_59' title='bbox 575 967 679 1014; x_wconf 89' lang='lat' dir='ltr'><strong>volnere</strong></span> <span class='ocrx_word' id='word_1_60' title='bbox 694 982 796 1030; x_wconf 87' lang='lat' dir='ltr'><strong>corpus.</strong></span> 
     </span>
    </p>

    <p class='ocr_par' dir='ltr' id='par_1_8' title="bbox 144 1055 810 1119">
     <span class='ocr_line' id='line_1_10' title="bbox 144 1055 810 1119; baseline -0.003 -12"><span class='ocrx_word' id='word_1_61' title='bbox 144 1059 191 1107; x_wconf 91' lang='lat' dir='ltr'><strong>ille</strong></span> <span class='ocrx_word' id='word_1_62' title='bbox 204 1067 290 1106; x_wconf 87' lang='lat' dir='ltr'><strong>tamen</strong></span> <span class='ocrx_word' id='word_1_63' title='bbox 305 1057 388 1119; x_wconf 92' lang='lat' dir='ltr'><strong>clipeo</strong></span> <span class='ocrx_word' id='word_1_64' title='bbox 403 1056 503 1103; x_wconf 90' lang='lat' dir='ltr'><strong>obiecto</strong></span> <span class='ocrx_word' id='word_1_65' title='bbox 518 1070 654 1104; x_wconf 87' lang='lat' dir='ltr'><strong>conversus</strong></span> <span class='ocrx_word' id='word_1_66' title='bbox 667 1056 695 1103; x_wconf 93' lang='lat' dir='ltr'><strong>in</strong></span> <span class='ocrx_word' id='word_1_67' title='bbox 708 1055 810 1105; x_wconf 88' lang='lat' dir='ltr'><strong>hostem</strong></span> 
     </span>
    </p>

    <p class='ocr_par' dir='ltr' id='par_1_9' title="bbox 143 1143 726 1206">
     <span class='ocr_line' id='line_1_11' title="bbox 143 1143 726 1206; baseline -0.003 -13"><span class='ocrx_word' id='word_1_68' title='bbox 143 1146 198 1193; x_wconf 87' lang='lat' dir='ltr'><strong>ibat</strong></span> <span class='ocrx_word' id='word_1_69' title='bbox 210 1153 235 1194; x_wconf 90' lang='lat' dir='ltr'><strong>et</strong></span> <span class='ocrx_word' id='word_1_70' title='bbox 247 1146 373 1193; x_wconf 87' lang='lat' dir='ltr'><strong>auxilium</strong></span> <span class='ocrx_word' id='word_1_71' title='bbox 387 1146 464 1193; x_wconf 90' lang='lat' dir='ltr'><strong>ducto</strong></span> <span class='ocrx_word' id='word_1_72' title='bbox 477 1158 600 1192; x_wconf 90' lang='lat' dir='ltr'><strong>mucrone</strong></span> <span class='ocrx_word' id='word_1_73' title='bbox 613 1143 726 1206; x_wconf 89' lang='lat' dir='ltr'><strong>petebat,</strong></span> 
     </span>
    </p>
   </div>
   <div class='ocr_carea' id='block_1_3' title="bbox 75 1233 884 2626">
    <p class='ocr_par' dir='ltr' id='par_1_10' title="bbox 75 1233 884 2626">
     <span class='ocr_line' id='line_1_12' title="bbox 146 1233 825 1296; baseline -0.001 -14"><span class='ocrx_word' id='word_1_74' title='bbox 146 1249 204 1282; x_wconf 90' lang='lat' dir='ltr'><strong>cum</strong></span> <span class='ocrx_word' id='word_1_75' title='bbox 217 1241 274 1281; x_wconf 86' lang='lat' dir='ltr'><strong>rota</strong></span> <span class='ocrx_word' id='word_1_76' title='bbox 287 1234 453 1296; x_wconf 86' lang='lat' dir='ltr'><strong>praecipitem</strong></span> <span class='ocrx_word' id='word_1_77' title='bbox 466 1239 491 1280; x_wconf 87' lang='lat' dir='ltr'><strong>et</strong></span> <span class='ocrx_word' id='word_1_78' title='bbox 503 1247 628 1295; x_wconf 88' lang='lat' dir='ltr'><strong>procursu</strong></span> <span class='ocrx_word' id='word_1_79' title='bbox 641 1233 759 1281; x_wconf 90' lang='lat' dir='ltr'><strong>concitus</strong></span> <span class='ocrx_word' id='word_1_80' title='bbox 772 1234 825 1281; x_wconf 83' lang='lat' dir='ltr'><strong>axis</strong></span> 
     </span>
     <span class='ocr_line' id='line_1_13' title="bbox 75 1321 769 1384; baseline -0.001 -13"><span class='ocrx_word' id='word_1_81' title='bbox 75 1328 125 1371; x_wconf 85' lang='grc'><strong>380</strong></span> <span class='ocrx_word' id='word_1_82' title='bbox 144 1323 239 1384; x_wconf 92' lang='lat' dir='ltr'><strong>inpulit</strong></span> <span class='ocrx_word' id='word_1_83' title='bbox 252 1322 410 1383; x_wconf 82' lang='lat' dir='ltr'><strong>effunditque</strong></span> <span class='ocrx_word' id='word_1_84' title='bbox 424 1322 480 1370; x_wconf 92' lang='lat' dir='ltr'><strong>solo</strong></span> <span class='ocrx_word' id='word_1_85' title='bbox 493 1321 648 1383; x_wconf 88' lang='lat' dir='ltr'><strong>Turnusque</strong></span> <span class='ocrx_word' id='word_1_86' title='bbox 664 1328 769 1370; x_wconf 89' lang='lat' dir='ltr'><strong>secutus</strong></span> 
     </span>
     <span class='ocr_line' id='line_1_14' title="bbox 144 1409 761 1471; baseline 0.003 -15"><span class='ocrx_word' id='word_1_87' title='bbox 144 1410 224 1458; x_wconf 90' lang='lat' dir='ltr'><strong>imam</strong></span> <span class='ocrx_word' id='word_1_88' title='bbox 237 1410 303 1457; x_wconf 91' lang='lat' dir='ltr'><strong>inter</strong></span> <span class='ocrx_word' id='word_1_89' title='bbox 315 1411 418 1471; x_wconf 84' lang='lat' dir='ltr'><strong>galeam</strong></span> <span class='ocrx_word' id='word_1_90' title='bbox 431 1410 522 1456; x_wconf 89' lang='lat' dir='ltr'><strong>summi</strong></span> <span class='ocrx_word' id='word_1_91' title='bbox 537 1409 649 1457; x_wconf 87' lang='lat' dir='ltr'><strong>thoracis</strong></span> <span class='ocrx_word' id='word_1_92' title='bbox 663 1416 688 1457; x_wconf 90' lang='lat' dir='ltr'><strong>et</strong></span> <span class='ocrx_word' id='word_1_93' title='bbox 701 1424 761 1458; x_wconf 85' lang='lat' dir='ltr'><strong>oras</strong></span> 
     </span>
     <span class='ocr_line' id='line_1_15' title="bbox 146 1498 845 1561; baseline -0.003 -15"><span class='ocrx_word' id='word_1_94' title='bbox 146 1499 252 1546; x_wconf 90' lang='lat' dir='ltr'><strong>abstulit</strong></span> <span class='ocrx_word' id='word_1_95' title='bbox 265 1513 324 1546; x_wconf 84' lang='lat' dir='ltr'><strong>ense</strong></span> <span class='ocrx_word' id='word_1_96' title='bbox 338 1506 415 1561; x_wconf 90' lang='lat' dir='ltr'><strong>caput</strong></span> <span class='ocrx_word' id='word_1_97' title='bbox 428 1505 597 1560; x_wconf 90' lang='lat' dir='ltr'><strong>truncumque</strong></span> <span class='ocrx_word' id='word_1_98' title='bbox 610 1498 717 1560; x_wconf 87' lang='lat' dir='ltr'><strong>reliquit</strong></span> <span class='ocrx_word' id='word_1_99' title='bbox 729 1499 845 1549; x_wconf 88' lang='lat' dir='ltr'><strong>harenae.</strong></span> 
     </span>
     <span class='ocr_line' id='line_1_16' title="bbox 181 1573 863 1649; baseline -0.007 -14"><span class='ocrx_word' id='word_1_100' title='bbox 181 1590 267 1649; x_wconf 89' lang='lat' dir='ltr'><strong>Atque</strong></span> <span class='ocrx_word' id='word_1_101' title='bbox 282 1602 312 1635; x_wconf 91' lang='lat' dir='ltr'><strong>ea</strong></span> <span class='ocrx_word' id='word_1_102' title='bbox 325 1573 386 1634; x_wconf 90' lang='lat' dir='ltr'><strong>dum</strong></span> <span class='ocrx_word' id='word_1_103' title='bbox 400 1587 498 1649; x_wconf 87' lang='lat' dir='ltr'><strong>campis</strong></span> <span class='ocrx_word' id='word_1_104' title='bbox 511 1588 591 1634; x_wconf 88' lang='lat' dir='ltr'><strong>victor</strong></span> <span class='ocrx_word' id='word_1_105' title='bbox 605 1587 649 1633; x_wconf 85' lang='lat' dir='ltr'><strong>dat</strong></span> <span class='ocrx_word' id='word_1_106' title='bbox 661 1587 863 1640; x_wconf 84' lang='lat' dir='ltr'><strong>funeraTuruus,</strong></span> 
     </span>
     <span class='ocr_line' id='line_1_17' title="bbox 147 1675 771 1725; baseline 0.003 -2"><span class='ocrx_word' id='word_1_107' title='bbox 147 1677 244 1724; x_wconf 88' lang='lat' dir='ltr'><strong>interea</strong></span> <span class='ocrx_word' id='word_1_108' title='bbox 256 1678 364 1725; x_wconf 87' lang='lat' dir='ltr'><strong>Aenean</strong></span> <span class='ocrx_word' id='word_1_109' title='bbox 376 1676 526 1723; x_wconf 89' lang='lat' dir='ltr'><strong>Mnestheus</strong></span> <span class='ocrx_word' id='word_1_110' title='bbox 540 1683 564 1722; x_wconf 89' lang='lat' dir='ltr'><strong>et</strong></span> <span class='ocrx_word' id='word_1_111' title='bbox 577 1675 643 1722; x_wconf 90' lang='lat' dir='ltr'><strong>lidus</strong></span> <span class='ocrx_word' id='word_1_112' title='bbox 656 1675 771 1725; x_wconf 89' lang='lat' dir='ltr'><strong>Achates</strong></span> 
     </span>
     <span class='ocr_line' id='line_1_18' title="bbox 76 1763 810 1827; baseline 0 -15"><span class='ocrx_word' id='word_1_113' title='bbox 76 1769 126 1812; x_wconf 85' lang='lat'><strong>385</strong></span> <span class='ocrx_word' id='word_1_114' title='bbox 146 1765 326 1827; x_wconf 86' lang='lat' dir='ltr'><strong>Ascaniusque</strong></span> <span class='ocrx_word' id='word_1_115' title='bbox 340 1779 425 1812; x_wconf 89' lang='lat' dir='ltr'><strong>comes</strong></span> <span class='ocrx_word' id='word_1_116' title='bbox 439 1763 528 1811; x_wconf 88' lang='lat' dir='ltr'><strong>castris</strong></span> <span class='ocrx_word' id='word_1_117' title='bbox 542 1771 652 1812; x_wconf 87' lang='lat' dir='ltr'><strong>statuere</strong></span> <span class='ocrx_word' id='word_1_118' title='bbox 666 1772 810 1822; x_wconf 86' lang='lat' dir='ltr'><strong>cruentum,</strong></span> 
     </span>
     <span class='ocr_line' id='line_1_19' title="bbox 147 1852 734 1914; baseline 0.002 -14"><span class='ocrx_word' id='word_1_119' title='bbox 147 1854 259 1900; x_wconf 86' lang='lat' dir='ltr'><strong>alternos</strong></span> <span class='ocrx_word' id='word_1_120' title='bbox 274 1854 353 1914; x_wconf 85' lang='lat' dir='ltr'><strong>longa</strong></span> <span class='ocrx_word' id='word_1_121' title='bbox 365 1852 489 1900; x_wconf 89' lang='lat' dir='ltr'><strong>nitentem</strong></span> <span class='ocrx_word' id='word_1_122' title='bbox 503 1853 608 1914; x_wconf 87' lang='lat' dir='ltr'><strong>cuspide</strong></span> <span class='ocrx_word' id='word_1_123' title='bbox 620 1867 734 1913; x_wconf 87' lang='lat' dir='ltr'><strong>gressus.</strong></span> 
     </span>
     <span class='ocr_line' id='line_1_20' title="bbox 146 1941 761 1989; baseline 0.002 -1"><span class='ocrx_word' id='word_1_124' title='bbox 146 1941 227 1989; x_wconf 88' lang='lat' dir='ltr'><strong>saevit</strong></span> <span class='ocrx_word' id='word_1_125' title='bbox 239 1949 264 1989; x_wconf 90' lang='lat' dir='ltr'><strong>et</strong></span> <span class='ocrx_word' id='word_1_126' title='bbox 276 1941 386 1989; x_wconf 87' lang='lat' dir='ltr'><strong>infracta</strong></span> <span class='ocrx_word' id='word_1_127' title='bbox 399 1942 511 1988; x_wconf 86' lang='lat' dir='ltr'><strong>luctatur</strong></span> <span class='ocrx_word' id='word_1_128' title='bbox 523 1941 667 1988; x_wconf 86' lang='lat' dir='ltr'><strong>harundine</strong></span> <span class='ocrx_word' id='word_1_129' title='bbox 680 1942 761 1989; x_wconf 87' lang='lat' dir='ltr'><strong>telum</strong></span> 
     </span>
     <span class='ocr_line' id='line_1_21' title="bbox 148 2026 884 2092; baseline 0.003 -16"><span class='ocrx_word' id='word_1_130' title='bbox 148 2029 244 2091; x_wconf 88' lang='lat' dir='ltr'><strong>eripere</strong></span> <span class='ocrx_word' id='word_1_131' title='bbox 258 2031 407 2092; x_wconf 87' lang='lat' dir='ltr'><strong>auxilioque</strong></span> <span class='ocrx_word' id='word_1_132' title='bbox 420 2029 487 2077; x_wconf 87' lang='lat' dir='ltr'><strong>viam</strong></span> <span class='ocrx_word' id='word_1_133' title='bbox 501 2043 566 2091; x_wconf 87' lang='lat' dir='ltr'><strong>quae</strong></span> <span class='ocrx_word' id='word_1_134' title='bbox 579 2029 699 2091; x_wconf 85' lang='lat' dir='ltr'><strong>proxima</strong></span> <span class='ocrx_word' id='word_1_135' title='bbox 711 2031 812 2092; x_wconf 88' lang='lat' dir='ltr'><strong>poscit;</strong></span> <span class='ocrx_word' id='word_1_136' title='bbox 882 2026 884 2032; x_wconf 74' lang='grc'>’</span> 
     </span>
     <span class='ocr_line' id='line_1_22' title="bbox 148 2117 715 2180; baseline 0 -15"><span class='ocrx_word' id='word_1_137' title='bbox 148 2132 207 2166; x_wconf 87' lang='lat' dir='ltr'><strong>ense</strong></span> <span class='ocrx_word' id='word_1_138' title='bbox 221 2125 308 2166; x_wconf 85' lang='lat' dir='ltr'><strong>secent</strong></span> <span class='ocrx_word' id='word_1_139' title='bbox 321 2119 373 2166; x_wconf 85' lang='lat' dir='ltr'><strong>lato</strong></span> <span class='ocrx_word' id='word_1_140' title='bbox 387 2119 478 2165; x_wconf 88' lang='lat' dir='ltr'><strong>volnus</strong></span> <span class='ocrx_word' id='word_1_141' title='bbox 492 2118 588 2180; x_wconf 89' lang='lat' dir='ltr'><strong>telique</strong></span> <span class='ocrx_word' id='word_1_142' title='bbox 604 2117 715 2165; x_wconf 87' lang='lat' dir='ltr'><strong>latebras</strong></span> 
     </span>
     <span class='ocr_line' id='line_1_23' title="bbox 77 2206 807 2269; baseline 0 -15"><span class='ocrx_word' id='word_1_143' title='bbox 77 2211 128 2254; x_wconf 89' lang='lat'><strong>390</strong></span> <span class='ocrx_word' id='word_1_144' title='bbox 148 2207 296 2254; x_wconf 87' lang='lat' dir='ltr'><strong>rescindant</strong></span> <span class='ocrx_word' id='word_1_145' title='bbox 308 2207 409 2269; x_wconf 87' lang='lat' dir='ltr'><strong>penitus</strong></span> <span class='ocrx_word' id='word_1_146' title='bbox 422 2221 530 2268; x_wconf 87' lang='lat' dir='ltr'><strong>seseque</strong></span> <span class='ocrx_word' id='word_1_147' title='bbox 542 2207 569 2253; x_wconf 94' lang='lat' dir='ltr'><strong>in</strong></span> <span class='ocrx_word' id='word_1_148' title='bbox 582 2206 651 2254; x_wconf 89' lang='lat' dir='ltr'><strong>bella</strong></span> <span class='ocrx_word' id='word_1_149' title='bbox 664 2207 807 2256; x_wconf 88' lang='lat' dir='ltr'><strong>remittant.</strong></span> 
     </span>
     <span class='ocr_line' id='line_1_24' title="bbox 147 2295 830 2358; baseline 0.001 -16"><span class='ocrx_word' id='word_1_150' title='bbox 147 2295 251 2357; x_wconf 85' lang='lat' dir='ltr'><strong>iamque</strong></span> <span class='ocrx_word' id='word_1_151' title='bbox 264 2296 353 2344; x_wconf 79' lang='lat' dir='ltr'><strong>aderet</strong></span> <span class='ocrx_word' id='word_1_152' title='bbox 366 2295 471 2342; x_wconf 90' lang='lat' dir='ltr'><strong>Phoebo</strong></span> <span class='ocrx_word' id='word_1_153' title='bbox 486 2303 545 2343; x_wconf 85' lang='lat' dir='ltr'><strong>ante</strong></span> <span class='ocrx_word' id='word_1_154' title='bbox 557 2295 623 2343; x_wconf 88' lang='lat' dir='ltr'><strong>alios</strong></span> <span class='ocrx_word' id='word_1_155' title='bbox 637 2295 746 2344; x_wconf 89' lang='lat' dir='ltr'><strong>dilectus</strong></span> <span class='ocrx_word' id='word_1_156' title='bbox 760 2296 830 2358; x_wconf 87' lang='lat' dir='ltr'><strong>Iapis</strong></span> 
     </span>
     <span class='ocr_line' id='line_1_25' title="bbox 148 2383 729 2446; baseline 0.003 -16"><span class='ocrx_word' id='word_1_157' title='bbox 148 2383 255 2443; x_wconf 84' lang='lat' dir='ltr'><strong>Iasides,</strong></span> <span class='ocrx_word' id='word_1_158' title='bbox 272 2384 322 2432; x_wconf 87' lang='lat' dir='ltr'><strong>acri</strong></span> <span class='ocrx_word' id='word_1_159' title='bbox 338 2384 470 2445; x_wconf 89' lang='lat' dir='ltr'><strong>quondam</strong></span> <span class='ocrx_word' id='word_1_160' title='bbox 483 2384 522 2431; x_wconf 92' lang='lat' dir='ltr'><strong>eui</strong></span> <span class='ocrx_word' id='word_1_161' title='bbox 538 2390 626 2446; x_wconf 88' lang='lat' dir='ltr'><strong>captus</strong></span> <span class='ocrx_word' id='word_1_162' title='bbox 640 2399 729 2432; x_wconf 87' lang='lat' dir='ltr'><strong>amore</strong></span> 
     </span>
     <span class='ocr_line' id='line_1_26' title="bbox 111 2473 766 2535; baseline 0.005 -17"><span class='ocrx_word' id='word_1_163' title='bbox 111 2486 116 2500; x_wconf 91' lang='grc'><em>·</em></span> <span class='ocrx_word' id='word_1_164' title='bbox 147 2473 202 2535; x_wconf 90' lang='lat' dir='ltr'><strong>ipse</strong></span> <span class='ocrx_word' id='word_1_165' title='bbox 215 2488 274 2520; x_wconf 91' lang='lat' dir='ltr'><strong>suas</strong></span> <span class='ocrx_word' id='word_1_166' title='bbox 288 2479 363 2530; x_wconf 76' lang='lat' dir='ltr'><strong>arteS,</strong></span> <span class='ocrx_word' id='word_1_167' title='bbox 379 2487 426 2519; x_wconf 88' lang='lat' dir='ltr'><strong>sua</strong></span> <span class='ocrx_word' id='word_1_168' title='bbox 438 2487 554 2531; x_wconf 87' lang='lat' dir='ltr'><strong>munera,</strong></span> <span class='ocrx_word' id='word_1_169' title='bbox 570 2473 652 2520; x_wconf 90' lang='lat' dir='ltr'><strong>laetus</strong></span> <span class='ocrx_word' id='word_1_170' title='bbox 665 2473 766 2535; x_wconf 87' lang='lat' dir='ltr'><strong>Apollo</strong></span> 
     </span>
     <span class='ocr_line' id='line_1_27' title="bbox 144 2560 856 2626; baseline -0.004 -15"><span class='ocrx_word' id='word_1_171' title='bbox 144 2561 284 2626; x_wconf 83' lang='lat' dir='ltr'><strong>augurium</strong></span> <span class='ocrx_word' id='word_1_172' title='bbox 298 2560 475 2624; x_wconf 87' lang='lat' dir='ltr'><strong>citharamque</strong></span> <span class='ocrx_word' id='word_1_173' title='bbox 488 2562 566 2609; x_wconf 87' lang='lat' dir='ltr'><strong>dabat</strong></span> <span class='ocrx_word' id='word_1_174' title='bbox 579 2561 722 2622; x_wconf 86' lang='lat' dir='ltr'><strong>celerisque</strong></span> <span class='ocrx_word' id='word_1_175' title='bbox 735 2563 856 2626; x_wconf 83' lang='lat' dir='ltr'><strong>sagittas:</strong></span> 
     </span>
    </p>
   </div>
   <div class='ocr_carea' id='block_1_4' title="bbox 56 2648 723 2724">
    <p class='ocr_par' dir='ltr' id='par_1_11' title="bbox 56 2648 723 2724">
     <span class='ocr_line' id='line_1_28' title="bbox 56 2648 723 2724; baseline 0.003 -23"><span class='ocrx_word' id='word_1_176' title='bbox 56 2655 113 2702; x_wconf 78' lang='lat'><strong>395</strong></span> <span class='ocrx_word' id='word_1_177' title='bbox 133 2655 190 2719; x_wconf 85' lang='lat' dir='ltr'><strong>ille,</strong></span> <span class='ocrx_word' id='word_1_178' title='bbox 210 2664 239 2708; x_wconf 87' lang='lat' dir='ltr'><strong>ut</strong></span> <span class='ocrx_word' id='word_1_179' title='bbox 253 2654 373 2724; x_wconf 90' lang='lat' dir='ltr'><strong>depositi</strong></span> <span class='ocrx_word' id='word_1_180' title='bbox 387 2653 518 2722; x_wconf 82' lang='lat' dir='ltr'><strong>prolerret</strong></span> <span class='ocrx_word' id='word_1_181' title='bbox 529 2650 587 2700; x_wconf 81' lang='lat' dir='ltr'><strong>lata</strong></span> <span class='ocrx_word' id='word_1_182' title='bbox 596 2648 723 2713; x_wconf 50' lang='lat' dir='ltr'><strong>parentis„</strong></span> 
     </span>
    </p>
   </div>
   <div class='ocr_carea' id='block_1_5' title="bbox 0 0 916 2956">
    <p class='ocr_par' dir='ltr' id='par_1_12' title="bbox 0 0 916 2956">
     <span class='ocr_line' id='line_1_29' title="bbox 0 0 916 2956; baseline 0 0"><span class='ocrx_word' id='word_1_183' title='bbox 0 0 916 2956; x_wconf 95' lang='lat' dir='ltr'><strong> </strong></span> 
     </span>
    </p>
   </div>
  </div>
 </body>
</html>
