1808 2956
82 184 139 231 178
317 194 343 232 Ρ.
360 193 480 231 venena
502 192 632 232 illaesus

76 353 125 397 485
146 357 311 412 armatosque
323 349 410 397 vident
423 357 519 397 stantes
532 348 559 395 in
573 349 662 396 limine
675 350 767 411 primo.

181 438 217 484 At
230 437 321 485 domus
335 438 441 486 interior
453 437 550 498 gemitu
564 437 710 499 miseroque
724 439 836 486 tumultu

147 526 268 574 miscetur
281 526 433 589 penitusque
447 540 523 574 cavae
536 525 705 586 plangoribus
719 528 795 574 aedes

147 613 263 662 femineis
277 614 387 673 ululant,
403 614 461 662 ferit
474 627 552 661 aurea
565 612 650 661 sidera
663 614 768 662 elamor.

147 710 200 750 tum
213 703 322 765 pavidae
336 703 408 751 tectis
422 711 515 750 matres
528 701 676 762 ingentibus
690 712 776 750 errant

76 796 127 839 490
146 792 333 854 amplexaeque
347 799 435 839 tenent
447 797 532 853 postes
545 797 622 852 atque
636 792 725 839 oscula
739 792 829 853 figunt.

145 879 225 929 instat
237 879 260 926 vi
274 879 358 941 patria
370 879 498 941 Pyrrhus:
520 893 568 926 nee
582 879 694 926 claustra
708 895 791 941 neque
804 881 853 942 ipsi

146 968 264 1015 custodes
278 967 385 1015 sufferre
397 967 500 1026 valent;
520 967 592 1015 labat
605 967 683 1015 ariete
698 968 786 1015 erebro

144 1057 223 1104 ianua
236 1063 261 1103 et
274 1056 350 1103 emoti
365 1054 537 1119 procumbunt
550 1055 654 1103 cardine
668 1066 763 1119 postes,

146 1145 173 1191 fit
186 1144 226 1191 via
239 1144 271 1203 vi,
287 1151 410 1205 rumpunt
423 1143 507 1192 aditus
520 1143 669 1206 primosque
682 1146 812 1193 trucidant

75 1237 125 1280 495
146 1232 244 1279 inmissi
257 1214 343 1280 Danai
359 1238 383 1279 et
396 1231 447 1279 late
460 1232 518 1280 loca
531 1232 612 1280 milite
627 1234 757 1295 conplent.

146 1334 198 1367 non
211 1321 248 1369 sie
262 1319 399 1382 aggeribus
412 1319 493 1382 ruptis
507 1336 565 1368 oum
579 1336 699 1383 spumeus
712 1323 795 1370 amnis

147 1408 199 1456 exit
211 1409 396 1471 oppositasque
409 1408 483 1456 evicit
495 1398 597 1470 gurgite
610 1410 701 1469 moles,

146 1495 225 1544 fertur
237 1496 264 1543 in
277 1512 339 1546 arva
352 1497 438 1544 furens
451 1498 554 1545 cumulo
567 1512 723 1560 camposque
735 1513 780 1560 per
792 1500 876 1546 omnis

145 1600 203 1633 eum
216 1585 323 1633 stabulis
337 1592 454 1634 armenta
467 1585 553 1632 trahit.
566 1567 568 1572 Ι
580 1587 631 1633 vidi
646 1587 701 1648 ipse
714 1586 839 1634 furentem

77 1678 127 1722 500
147 1673 430 1736 crtedeNeoptolemum
443 1674 613 1736 geminosque
622 1675 648 1721 in
661 1673 750 1721 limine
758 1675 874 1730 Atridas

146 1763 198 1809 vidi
210 1761 343 1810 Hecubam
363 1772 517 1824 centumque
535 1778 615 1810 nurus
628 1750 812 1824 Priamumque
830 1778 877 1825 per

448 1866 505 1899 aras

146 1939 272 2000 sanguine
285 1938 434 1987 foedantem
447 1954 511 2001 quos
525 1939 580 2002 ipse
593 1947 738 1988 sacraverat
751 1940 828 2000 ignis.

147 2027 335 2089 quinquaginta
347 2026 387 2075 illi
400 2027 516 2086 thalami,
533 2042 590 2091 spes
603 2035 677 2076 tanta
689 2010 822 2090 nepotum,

146 2115 281 2163 barbarico
295 2123 381 2178 postes
396 2132 459 2164 auro
473 2116 614 2179 spoliisque
627 2116 739 2179 superbi,

77 2208 125 2251 505
146 2202 322 2266 procubuere;
343 2211 430 2253 tenent
442 2205 528 2253 Danai
542 2220 593 2266 qua
607 2205 692 2253 deficit
704 2205 781 2266 ignis.

181 2291 300 2340 Forsitan
314 2301 339 2340 et
350 2293 447 2342 Priami
456 2293 555 2359 'suerint
568 2307 634 2355 quae
647 2293 700 2342 sata
713 2295 839 2355 requiras.

146 2380 216 2428 urbis
229 2380 265 2428 uti
280 2389 370 2443 captae
383 2388 472 2429 casum
485 2382 659 2443 convolsaque
672 2381 736 2429 vidit

148 2469 238 2518 limina
249 2478 374 2517 tectorum
386 2469 536 2526 etmedium
547 2470 574 2517 in
582 2471 755 2533 penetralibus
763 2471 874 2528 hostem,

139 2573 214 2604 arma
229 2558 275 2604 diu
286 2556 376 2604 senior
389 2557 494 2606 desueta
506 2559 673 2606 trementibus
687 2573 749 2607 aerio

40 2633 101 2677 «⁵10
119 2638 276 2692 circumdat
285 2646 456 2710 nequiquam
471 2648 571 2698 umeris
585 2656 612 2698 et
622 2647 717 2696 inutile
728 2645 827 2694 istrum
