1808 2956
275 131 444 177 Gnoudtcou
462 138 548 176 LIBER
566 139 596 178 11.
797 133 809 177 7
823 131 831 175 l

104 294 243 342 discimus:
265 293 334 342 hand
352 309 476 356 umquam
489 296 608 343 manibus
621 296 717 344 iactata
731 296 834 354 fatiscit,

52 387 83 431 50
104 383 149 432 sed
162 383 228 446 picis
241 383 267 430 in
282 397 380 431 morem
393 384 425 430 ad
439 383 533 445 digitos
547 385 666 433 lentescit
679 385 809 434 habendo.

102 472 193 520 umida
206 472 317 520 maiores
331 471 423 520 herbas
437 473 492 531 alit,
508 473 615 536 ipsaque
629 475 698 522 iusto

101 542 205 609 laetior.
232 575 248 608 a
260 560 369 607 nimium
382 575 415 608 nc
428 561 461 608 sit
473 561 535 608 mihi
549 561 639 610 fertilis
653 563 699 610 illa

101 664 153 698 neu
166 664 193 698 se
206 649 382 712 praevalidam
395 651 483 712 primis
497 652 616 698 ostendat
629 651 727 699 aristis!

101 752 170 802 quae
184 737 269 800 gravis
283 746 321 786 est
333 739 389 801 ipso
403 739 509 786 tacitam
521 754 548 787 se
562 740 675 801 pondere
689 740 783 802 prodit,

51 833 80 876 55
101 841 222 890 quaeque
241 826 312 875 levis.
351 836 499 890 promptum
517 836 556 876 est
573 828 655 876 oculis
673 827 833 890 praediscere

405 916 515 977 nigram,

100 1005 197 1067 etquis
212 1004 253 1052 cui
267 1005 347 1052 color.
379 1012 405 1052 at
418 1006 570 1053 sceleratum
585 1006 718 1068 exquirere
732 1005 813 1066 frigus

100 1093 207 1141 difficile
220 1101 273 1141 est:
295 1093 384 1155 piceae
397 1100 496 1141 tantum
510 1094 615 1156 taxique
629 1102 750 1143 nocentes

99 1183 231 1230 interdum
245 1189 289 1229 aut
301 1182 412 1230 hederae
425 1183 543 1244 pandunt
555 1184 663 1244 vestigia
676 1185 774 1245 nigrae.

136 1270 183 1318 His
196 1271 380 1318 animadversis
394 1277 488 1318 terram
501 1273 582 1319 multo
596 1279 655 1319 ante
668 1281 796 1320 memento

52 1362 81 1406 60
100 1373 245 1420 excoquere
259 1366 283 1407 et
296 1373 405 1420 magnos
419 1360 551 1408 scrobibus
566 1361 701 1409 concidere
719 1370 828 1419 montes,

101 1455 161 1496 ante
174 1448 307 1510 supinatas
321 1449 437 1509 aquiloni
452 1450 584 1497 ostendere
598 1450 712 1510 glaebas,

101 1552 181 1599 quam
194 1536 291 1584 laetum
304 1536 416 1584 infodias
428 1538 486 1584 ritis
500 1552 590 1599 genus.
618 1539 715 1600 optima
729 1539 796 1600 putri

100 1640 162 1673 arva
176 1626 249 1673 solo:
271 1625 296 1673 id
311 1626 378 1673 venti
393 1632 485 1673 curant
496 1627 650 1688 gelidaeque
664 1627 772 1688 pruinae

100 1721 125 1762 et
138 1713 267 1762 labefacta
279 1729 384 1762 movens
398 1714 517 1762 robustus
531 1716 620 1776 iugera
632 1715 723 1762 fossor.

50 1806 80 1850 65
100 1809 127 1850 at
140 1802 229 1865 siquos
244 1802 312 1849 haud
327 1803 382 1850 ulla
394 1804 461 1851 viros
475 1804 610 1865 vigilantia
623 1803 697 1864 fugit,

99 1899 160 1940 ante
174 1891 263 1939 locum
275 1891 385 1939 similem
399 1892 538 1954 exquirunt
550 1890 594 1938 ubi
608 1893 691 1954 prima
703 1900 807 1954 paretur

99 1979 236 2028 arboribus
249 1994 322 2042 seges
336 1988 361 2029 et
373 1995 425 2043 quo
438 1995 500 2028 mox
513 1981 611 2042 digesta
625 1980 729 2038 seratur,

98 2076 227 2118 mutatam
240 2069 360 2130 ignorent
372 2069 457 2116 subito
471 2084 503 2117 ne
517 2070 615 2117 semini
628 2078 744 2118 matrem.

99 2157 163 2221 quin
177 2157 255 2205 etiarn
268 2158 333 2207 caeli
347 2158 480 2219 regionem
492 2159 518 2205 in
532 2159 626 2206 cortice
639 2159 750 2220 signant,

48 2249 80 2295 to
98 2254 194 2310 utque
208 2261 328 2308 quaeque
340 2247 418 2295 modo
432 2248 537 2305 steterit,
554 2262 605 2309 qna
618 2255 689 2309 parte
703 2249 802 2297 calores

99 2336 232 2384 austrinos
245 2336 341 2394 tulerit,
358 2351 424 2398 quae
437 2345 510 2397 terga
523 2336 659 2384 obverten't
672 2337 723 2386 axi.

98 2425 253 2474 restituant:
275 2425 340 2472 adeo
358 2425 385 2472 in
399 2426 492 2473 teneris
507 2439 673 2473 consuescere
686 2427 828 2473 multumst.

98 2513 212 2562 collibus
226 2527 259 2560 an
272 2513 352 2576 plano
366 2513 457 2561 melins
471 2514 504 2561 sit
516 2528 612 2575 ponere
625 2513 711 2571 vitem,

98 2616 196 2666 quaere
209 2601 290 2664 prius.
318 2601 338 2648 si
352 2601 455 2664 pinguis
469 2616 545 2664 agros
558 2601 689 2651 metabere
701 2602 802 2663 campi,
