1808 2956
148 190 173 229 P.
190 186 311 228 VERGILI
331 187 461 227 Mlaouls

52 347 80 395 ris
94 354 171 409 etque
184 346 240 393 solo
253 359 372 408 proceras
386 345 461 406 erigit
473 345 556 393 alnos.

52 435 120 485 canit
136 441 263 483 errantem
279 434 405 482 Permessi
424 435 456 481 ad
473 433 581 481 flumina
599 432 703 483 Gallum

52 524 107 572 sin
120 523 214 572 montis
227 529 256 570 ut
268 523 370 570 duxerit
383 537 434 570 una
446 537 564 571 soromm

52 613 123 660 rviro
136 612 234 661 Phoebi
248 607 341 660 chorus
355 612 528 660 adsurrexerit
541 613 637 672 omnis,

52 717 99 749 uus
112 701 176 750 haec
189 701 227 749 illi
241 700 327 748 divino
341 700 454 748 carmine
466 708 562 763 pastor,

53 785 82 837 us
96 797 174 852 atque
187 790 246 851 apio
260 789 337 837 crinis
350 795 456 836 ornatus
469 804 567 848 ornare,

52 878 80 939 it,
92 868 151 925 ‘hos
164 877 209 925 tibi
224 878 287 924 dant
299 878 413 924 calamos
426 876 470 939 (eu
486 878 586 940 accipe)
605 894 700 937 musae,

53 980 91 1013 tce
106 980 170 1027 quos
184 965 319 1022 amaseni,
335 965 427 1026 quibus
441 966 486 1014 ille
498 966 598 1014 solebat

53 1054 107 1101 ndo
120 1054 217 1115 rigidas
230 1052 357 1100 deducere
370 1054 500 1101 montibus
514 1070 600 1102 ornos.

53 1141 76 1188 bi
91 1140 184 1205 Grynei
199 1142 311 1190 nemoris
325 1142 424 1190 dicatur
438 1143 520 1204 origo,

53 1245 68 1277 s
82 1229 114 1277 sit
127 1231 199 1278 lucus
213 1244 265 1292 quo
278 1245 306 1278 se
318 1232 376 1293 plus
390 1231 467 1279 iactet
479 1224 597 1294 Apollo.’

53 1319 151 1381 loquar,
167 1318 332 1382 autScyllam
338 1318 403 1377 Nisi,
420 1334 497 1381 quam
510 1319 580 1367 fama
592 1328 704 1369 secutast

56 1407 88 1455 da
101 1408 258 1457 succinctam
272 1408 424 1474 latrantibus
438 1408 546 1469 inguina
558 1410 679 1456 monstris

53 1495 112 1544 hias
125 1511 230 1545 vexasse
242 1503 310 1545 rates
323 1505 348 1545 et
360 1497 461 1558 gurgite
474 1497 501 1544 in
514 1498 576 1555 alto,

53 1585 120 1632 rides
133 1592 225 1632 nautas
239 1585 345 1633 canibus
358 1586 485 1634 lacerasse
498 1586 612 1644 marinis,

53 1680 61 1720 t
72 1671 185 1721 mutatos
197 1673 272 1721 Terei
286 1674 427 1721 narraverit
440 1681 518 1732 artus,

54 1763 92 1810 illi
105 1762 252 1811 Philomela
264 1761 352 1823 depes,
368 1777 435 1823 quae
448 1763 518 1809 dona
529 1764 634 1825 pararit,

56 1865 116 1898 ursu
129 1851 230 1898 deserte
241 1849 359 1911 petiverit
370 1856 396 1897 ct
409 1849 501 1910 quibus
514 1858 573 1898 ante

53 1953 67 1984 x
80 1953 127 1985 sua
139 1945 207 1986 tecte
219 1935 441 1998 supervolitaverit
453 1935 519 1983 alis?

54 2041 65 2072 a
78 2040 145 2087 quae
158 2023 264 2071 Phoebo
278 2022 411 2083 quondum
424 2021 563 2070 meditante
577 2023 666 2072 beatus

54 2127 58 2159 z
69 2113 179 2160 Eurotas
192 2109 317 2170 iussitque
330 2108 443 2157 ediscere
456 2109 552 2168 laurus,

54 2198 104 2247 mit
115 2197 216 2260 (pulsae
229 2195 343 2244 referunt
355 2197 387 2244 ad
401 2197 485 2245 sidera
497 2197 598 2258 valles),

54 2301 68 2336 e
81 2286 230 2334 dedecoris
243 2285 350 2334 stabulis
363 2300 550 2349 numerumque
563 2288 650 2337 referri

60 2381 85 2424 et
96 2374 177 2422 invito
189 2375 314 2439 processit
326 2375 425 2440 Vesper
438 2375 558 2440 Olympo.

197 2570 199 2577 ,
226 2564 381 2572 *vv——
