1808 2956
274 199 422 239 Aruernos
442 200 529 238 LIBER
545 200 574 238 V.

97 365 123 406 et
136 372 187 419 qua
199 357 302 404 servetis
316 363 462 404 revocatum
476 370 491 403 a
503 362 585 404 morte
597 347 713 402 Dareta.'

98 447 164 493 dixit
177 451 201 493 et
215 446 313 494 adversi
327 451 416 493 eontra
429 445 498 492 stetit
511 459 557 492 ora
569 445 677 502 iuvenci,

97 535 142 597 qui
156 535 253 582 donum
266 534 384 581 adstabat
396 547 508 596 pugnae,
524 533 652 594 durosque
665 533 771 581 reducta

96 623 199 671 libravit
212 625 303 671 dextra
315 619 401 670 rn'edia
414 622 480 668 inter
493 636 590 669 cornua
603 629 712 679 caestus,

48 718 77 761 30
98 713 201 770 arduos,
218 712 375 774 effractoque
388 710 469 758 inlisit
480 711 508 756 in
522 724 581 757 ossa
594 709 707 758 cerebro.

97 801 218 849 sternitur
243 801 420 862 exanimisque
445 806 555 847 tremens
581 783 728 861 procumbit
751 799 822 846 humi

398 888 454 935 bos.

97 979 142 1026 ille
156 993 232 1040 super
244 978 303 1026 talis
318 977 427 1025 effundit
439 983 542 1038 pectore
555 991 639 1034 voces,

95 1057 175 1114 ‘hanc
194 1068 256 1126 tibi,
283 1067 367 1128 Eryx,
392 1065 525 1113 meliorem
545 1065 658 1111 animam
676 1079 723 1127 pro
742 1073 824 1113 morte

398 1153 501 1202 Daretis

98 1246 233 1308 persolvo;
253 1243 295 1291 hic
308 1243 388 1290 victor
401 1250 500 1290 caestus
515 1250 647 1303 artemque
659 1235 779 1305 repono'

48 1339 77 1382 35
134 1333 255 1381 Protinus
268 1334 370 1380 Aeneas
384 1332 459 1379 celeri
475 1338 572 1379 certare
585 1333 679 1393 sagitta

98 1423 189 1470 invitat
202 1423 245 1483 qui
259 1422 324 1468 forte
337 1421 416 1468 velint
429 1427 453 1468 et
465 1421 580 1481 praemia
591 1423 666 1482 ponit

48 1566 50 1571 Ι
98 1511 250 1573 ingentique
263 1526 341 1557 manu
354 1511 451 1557 malurn
465 1511 496 1558 de
509 1524 573 1558 nave
587 1509 681 1558 Seresti
714 1547 718 1554 .

99 1600 175 1661 erigit
188 1605 213 1647 et
225 1601 354 1647 volucrem
368 1600 473 1646 traiecto
488 1599 514 1645 in
528 1599 588 1646 fune
602 1599 757 1657 columbam,

100 1703 151 1750 quo
165 1688 272 1736 tendant
285 1688 388 1745 ferrum,
404 1688 474 1735 maio
488 1687 621 1748 suspendit
634 1687 665 1734 ab
680 1688 741 1734 alto.

48 1783 80 1825 90
101 1791 242 1825 convenere
255 1777 300 1823 viri
315 1777 491 1837 deiectamque
505 1790 580 1824 aerea
594 1784 688 1824 sortem

100 1866 200 1927 accepit
212 1866 288 1925 galea
301 1873 326 1912 et
339 1865 435 1927 primus
450 1865 562 1912 clamore
575 1865 689 1912 secundo

101 1955 255 2016 Hyrtacidae
269 1961 328 2001 ante
341 1953 424 1999 ornnis
438 1954 490 2000 exit
504 1954 575 2000 loeus
590 1953 785 2016 Hippocoontis.

101 2057 177 2104 quern
191 2043 268 2089 inodo
283 2042 366 2090 navali
381 2041 529 2089 Mnestheus
544 2042 683 2090 certamine
696 2043 776 2090 rictor

101 2132 275 2193 consequitur,
291 2131 364 2177 viridi
378 2130 526 2178 Mnestheus
540 2131 654 2178 evinctus
669 2131 744 2178 oliva.

48 2225 79 2267 95
100 2221 189 2267 tertius
202 2220 335 2281 Eurytion,
352 2225 409 2266 tuos
423 2233 438 2265 o
452 2219 593 2266 clarissime
607 2220 684 2267 irater

100 2308 227 2366 Pandare,
244 2309 286 2369 qui
301 2309 441 2370 quondam,
457 2308 540 2354 iussus
554 2308 711 2356 contundere
725 2309 823 2366 foeduS,

100 2397 127 2443 in
141 2398 239 2445 medios
253 2398 332 2443 telum
346 2397 440 2444 torsisti
454 2396 551 2457 primus
565 2396 686 2444 Achivos.

101 2493 229 2533 extremus
243 2487 369 2546 galeaque
383 2486 435 2532 irna
448 2485 562 2532 subsedit
574 2486 689 2542 Acestes,

102 2589 178 2621 ausus
192 2575 284 2636 etipse
297 2589 377 2622 manu
389 2575 517 2623 iuuenum
526 2571 810 2635 temptarexduorexw

48 2666 74 2706 '10
94 2669 146 2709 tum
162 2665 257 2715 validis
272 2667 359 2718 flexos
372 2669 524 2720 incurrant
533 2662 641 2714 urinas
654 2666 741 2704 arcus
