<?xml version="1.0" encoding="UTF-8"?>
<!DOCTYPE html PUBLIC "-//W3C//DTD XHTML 1.0 Transitional//EN"
    "http://www.w3.org/TR/xhtml1/DTD/xhtml1-transitional.dtd">
<html xmlns="http://www.w3.org/1999/xhtml" xml:lang="en" lang="en">
 <head>
  <title>
</title>
<meta http-equiv="Content-Type" content="text/html;charset=utf-8" />
  <meta name='ocr-system' content='tesseract 3.04.00' />
  <meta name='ocr-capabilities' content='ocr_page ocr_carea ocr_par ocr_line ocrx_word'/>
</head>
<body>
  <div class='ocr_page' id='page_1' title='image "./pvergiliusmaro00virggoog/pvergiliusmaro00virggoog_0016.png"; bbox 0 0 1808 2956; ppageno 0'>
   <div class='ocr_carea' id='block_1_1' title="bbox 324 130 487 171">
    <p class='ocr_par' dir='ltr' id='par_1_1' title="bbox 324 130 487 171">
     <span class='ocr_line' id='line_1_1' title="bbox 324 130 487 171; baseline 0 -1"><span class='ocrx_word' id='word_1_1' title='bbox 324 130 443 171; x_wconf 79' lang='lat' dir='ltr'>ECLOGA</span> <span class='ocrx_word' id='word_1_2' title='bbox 457 132 487 170; x_wconf 85' lang='lat'>11.</span> 
     </span>
    </p>
   </div>
   <div class='ocr_carea' id='block_1_2' title="bbox 28 287 804 1854">
    <p class='ocr_par' dir='ltr' id='par_1_2' title="bbox 28 287 803 616">
     <span class='ocr_line' id='line_1_2' title="bbox 28 287 611 350; baseline -0.005 -13"><span class='ocrx_word' id='word_1_3' title='bbox 28 293 57 338; x_wconf 81' lang='lat' dir='ltr'>to</span> <span class='ocrx_word' id='word_1_4' title='bbox 77 288 170 336; x_wconf 88' lang='lat' dir='ltr'>mollia</span> <span class='ocrx_word' id='word_1_5' title='bbox 182 288 281 335; x_wconf 89' lang='lat' dir='ltr'>luteola</span> <span class='ocrx_word' id='word_1_6' title='bbox 292 288 376 350; x_wconf 86' lang='lat' dir='ltr'>pingit</span> <span class='ocrx_word' id='word_1_7' title='bbox 388 287 504 335; x_wconf 78' lang='lat' dir='ltr'><strong>vaccinia</strong></span> <span class='ocrx_word' id='word_1_8' title='bbox 517 287 611 335; x_wconf 83' lang='lat' dir='ltr'>caltha.</span> 
     </span>
     <span class='ocr_line' id='line_1_3' title="bbox 77 376 691 440; baseline -0.002 -16"><span class='ocrx_word' id='word_1_9' title='bbox 77 378 133 440; x_wconf 87' lang='lat' dir='ltr'>ipse</span> <span class='ocrx_word' id='word_1_10' title='bbox 146 391 194 438; x_wconf 88' lang='lat' dir='ltr'>ego</span> <span class='ocrx_word' id='word_1_11' title='bbox 209 391 274 425; x_wconf 85' lang='lat' dir='ltr'>cana</span> <span class='ocrx_word' id='word_1_12' title='bbox 287 377 373 438; x_wconf 90' lang='lat' dir='ltr'>legam</span> <span class='ocrx_word' id='word_1_13' title='bbox 386 384 474 423; x_wconf 90' lang='lat' dir='ltr'>tenera</span> <span class='ocrx_word' id='word_1_14' title='bbox 486 376 609 437; x_wconf 82' lang='lat' dir='ltr'>lanugine</span> <span class='ocrx_word' id='word_1_15' title='bbox 622 377 691 423; x_wconf 87' lang='lat' dir='ltr'>mala</span> 
     </span>
     <span class='ocr_line' id='line_1_4' title="bbox 77 464 802 528; baseline -0.001 -15"><span class='ocrx_word' id='word_1_16' title='bbox 77 473 264 527; x_wconf 76' lang='lat' dir='ltr'>castaneasque</span> <span class='ocrx_word' id='word_1_17' title='bbox 282 479 359 513; x_wconf 88' lang='lat' dir='ltr'>nuces</span> <span class='ocrx_word' id='word_1_18' title='bbox 375 480 433 513; x_wconf 89' lang='lat' dir='ltr'>mea</span> <span class='ocrx_word' id='word_1_19' title='bbox 446 480 509 527; x_wconf 87' lang='lat' dir='ltr'>quas</span> <span class='ocrx_word' id='word_1_20' title='bbox 523 465 663 528; x_wconf 85' lang='lat' dir='ltr'>Amaryllis</span> <span class='ocrx_word' id='word_1_21' title='bbox 683 464 802 524; x_wconf 80' lang='lat' dir='ltr'>amabat3</span> 
     </span>
     <span class='ocr_line' id='line_1_5' title="bbox 77 553 803 616; baseline 0.001 -15"><span class='ocrx_word' id='word_1_22' title='bbox 77 555 173 601; x_wconf 85' lang='lat' dir='ltr'>addam</span> <span class='ocrx_word' id='word_1_23' title='bbox 192 568 266 601; x_wconf 88' lang='lat' dir='ltr'>cerea</span> <span class='ocrx_word' id='word_1_24' title='bbox 284 569 381 615; x_wconf 88' lang='lat' dir='ltr'>pruna,</span> <span class='ocrx_word' id='word_1_25' title='bbox 408 560 433 601; x_wconf 90' lang='lat' dir='ltr'>et</span> <span class='ocrx_word' id='word_1_26' title='bbox 451 553 534 600; x_wconf 91' lang='lat' dir='ltr'>honos</span> <span class='ocrx_word' id='word_1_27' title='bbox 554 554 602 601; x_wconf 92' lang='lat' dir='ltr'>erit</span> <span class='ocrx_word' id='word_1_28' title='bbox 620 553 681 602; x_wconf 85' lang='lat' dir='ltr'>lruie</span> <span class='ocrx_word' id='word_1_29' title='bbox 700 568 803 616; x_wconf 87' lang='lat' dir='ltr'>quoque</span> 
     </span>
    </p>

    <p class='ocr_par' dir='ltr' id='par_1_3' title="bbox 77 656 738 793">
     <span class='ocr_line' id='line_1_6' title="bbox 379 656 472 704; baseline -0.011 -15"><span class='ocrx_word' id='word_1_30' title='bbox 379 656 472 704; x_wconf 91' lang='lat' dir='ltr'>pomo;</span> 
     </span>
     <span class='ocr_line' id='line_1_7' title="bbox 77 729 738 793; baseline -0.003 -14"><span class='ocrx_word' id='word_1_31' title='bbox 77 736 104 779; x_wconf 90' lang='lat' dir='ltr'>et</span> <span class='ocrx_word' id='word_1_32' title='bbox 114 744 169 788; x_wconf 81' lang='lat' dir='ltr'>vos,</span> <span class='ocrx_word' id='word_1_33' title='bbox 185 744 200 777; x_wconf 91' lang='lat' dir='ltr'>o</span> <span class='ocrx_word' id='word_1_34' title='bbox 214 729 289 787; x_wconf 89' lang='lat' dir='ltr'>lauri,</span> <span class='ocrx_word' id='word_1_35' title='bbox 306 744 409 791; x_wconf 81' lang='lat' dir='ltr'>carpam</span> <span class='ocrx_word' id='word_1_36' title='bbox 422 738 448 777; x_wconf 91' lang='lat' dir='ltr'>et</span> <span class='ocrx_word' id='word_1_37' title='bbox 460 738 494 788; x_wconf 86' lang='lat' dir='ltr'>te,</span> <span class='ocrx_word' id='word_1_38' title='bbox 509 745 637 793; x_wconf 85' lang='lat' dir='ltr'>proxuma</span> <span class='ocrx_word' id='word_1_39' title='bbox 648 737 738 792; x_wconf 80' lang='lat' dir='ltr'>myrta,</span> 
     </span>
    </p>

    <p class='ocr_par' dir='ltr' id='par_1_4' title="bbox 28 817 804 1234">
     <span class='ocr_line' id='line_1_8' title="bbox 28 817 701 881; baseline -0.003 -14"><span class='ocrx_word' id='word_1_40' title='bbox 28 825 57 867; x_wconf 79' lang='grc'>55</span> <span class='ocrx_word' id='word_1_41' title='bbox 78 819 116 866; x_wconf 90' lang='lat' dir='ltr'>sie</span> <span class='ocrx_word' id='word_1_42' title='bbox 128 819 228 881; x_wconf 87' lang='lat' dir='ltr'>positae</span> <span class='ocrx_word' id='word_1_43' title='bbox 241 817 364 879; x_wconf 92' lang='lat' dir='ltr'>quoniam</span> <span class='ocrx_word' id='word_1_44' title='bbox 377 819 461 865; x_wconf 87' lang='lat' dir='ltr'>suavis</span> <span class='ocrx_word' id='word_1_45' title='bbox 474 818 587 866; x_wconf 86' lang='lat' dir='ltr'>miscetis</span> <span class='ocrx_word' id='word_1_46' title='bbox 600 818 701 866; x_wconf 91' lang='lat' dir='ltr'>odores.</span> 
     </span>
     <span class='ocr_line' id='line_1_9' title="bbox 77 904 780 968; baseline -0.001 -13"><span class='ocrx_word' id='word_1_47' title='bbox 77 907 188 955; x_wconf 90' lang='lat' dir='ltr'>rusticus</span> <span class='ocrx_word' id='word_1_48' title='bbox 202 921 238 964; x_wconf 88' lang='lat' dir='ltr'>es,</span> <span class='ocrx_word' id='word_1_49' title='bbox 254 904 391 968; x_wconf 81' lang='lat' dir='ltr'>Corydon:</span> <span class='ocrx_word' id='word_1_50' title='bbox 413 921 460 954; x_wconf 92' lang='lat' dir='ltr'>nec</span> <span class='ocrx_word' id='word_1_51' title='bbox 474 921 582 954; x_wconf 87' lang='lat' dir='ltr'>munera</span> <span class='ocrx_word' id='word_1_52' title='bbox 595 912 667 954; x_wconf 90' lang='lat' dir='ltr'>curat</span> <span class='ocrx_word' id='word_1_53' title='bbox 680 907 780 965; x_wconf 85' lang='lat' dir='ltr'>Alexis,</span> 
     </span>
     <span class='ocr_line' id='line_1_10' title="bbox 77 995 677 1054; baseline 0 -12"><span class='ocrx_word' id='word_1_54' title='bbox 77 1010 134 1053; x_wconf 87' lang='lat' dir='ltr'>nec,</span> <span class='ocrx_word' id='word_1_55' title='bbox 150 995 170 1042; x_wconf 92' lang='lat' dir='ltr'>si</span> <span class='ocrx_word' id='word_1_56' title='bbox 184 995 332 1042; x_wconf 91' lang='lat' dir='ltr'>muneribus</span> <span class='ocrx_word' id='word_1_57' title='bbox 346 1003 435 1054; x_wconf 90' lang='lat' dir='ltr'>certes,</span> <span class='ocrx_word' id='word_1_58' title='bbox 451 996 577 1044; x_wconf 85' lang='lat' dir='ltr'>concedat</span> <span class='ocrx_word' id='word_1_59' title='bbox 589 995 677 1042; x_wconf 84' lang='lat' dir='ltr'>iollas.</span> 
     </span>
     <span class='ocr_line' id='line_1_11' title="bbox 77 1083 804 1144; baseline -0.001 -14"><span class='ocrx_word' id='word_1_60' title='bbox 77 1083 129 1130; x_wconf 89' lang='lat' dir='ltr'>heu</span> <span class='ocrx_word' id='word_1_61' title='bbox 142 1083 201 1141; x_wconf 91' lang='lat' dir='ltr'>heu,</span> <span class='ocrx_word' id='word_1_62' title='bbox 217 1083 278 1144; x_wconf 89' lang='lat' dir='ltr'>quid</span> <span class='ocrx_word' id='word_1_63' title='bbox 292 1083 361 1131; x_wconf 90' lang='lat' dir='ltr'>volui</span> <span class='ocrx_word' id='word_1_64' title='bbox 374 1083 468 1131; x_wconf 90' lang='lat' dir='ltr'>misero</span> <span class='ocrx_word' id='word_1_65' title='bbox 481 1083 561 1130; x_wconf 82' lang='lat' dir='ltr'>mihi?</span> <span class='ocrx_word' id='word_1_66' title='bbox 574 1083 678 1131; x_wconf 87' lang='lat' dir='ltr'>floribus</span> <span class='ocrx_word' id='word_1_67' title='bbox 690 1090 804 1130; x_wconf 87' lang='lat' dir='ltr'>austrum</span> 
     </span>
     <span class='ocr_line' id='line_1_12' title="bbox 76 1171 673 1234; baseline 0.002 -16"><span class='ocrx_word' id='word_1_68' title='bbox 76 1172 192 1234; x_wconf 82' lang='lat' dir='ltr'>perditus</span> <span class='ocrx_word' id='word_1_69' title='bbox 205 1178 231 1219; x_wconf 91' lang='lat' dir='ltr'>et</span> <span class='ocrx_word' id='word_1_70' title='bbox 242 1171 348 1233; x_wconf 86' lang='lat' dir='ltr'>liquidis</span> <span class='ocrx_word' id='word_1_71' title='bbox 362 1172 448 1218; x_wconf 90' lang='lat' dir='ltr'>inmisi</span> <span class='ocrx_word' id='word_1_72' title='bbox 463 1171 575 1219; x_wconf 88' lang='lat' dir='ltr'>fontibus</span> <span class='ocrx_word' id='word_1_73' title='bbox 589 1187 673 1234; x_wconf 89' lang='lat' dir='ltr'>apros.</span> 
     </span>
    </p>

    <p class='ocr_par' dir='ltr' id='par_1_5' title="bbox 28 1259 804 1323">
     <span class='ocr_line' id='line_1_13' title="bbox 28 1259 804 1323; baseline 0 -15"><span class='ocrx_word' id='word_1_74' title='bbox 28 1266 55 1308; x_wconf 81' lang='lat'>30</span> <span class='ocrx_word' id='word_1_75' title='bbox 77 1275 155 1322; x_wconf 91' lang='lat' dir='ltr'>quem</span> <span class='ocrx_word' id='word_1_76' title='bbox 175 1259 257 1321; x_wconf 84' lang='lat' dir='ltr'>iugis,</span> <span class='ocrx_word' id='word_1_77' title='bbox 280 1275 309 1319; x_wconf 86' lang='lat' dir='ltr'>a,</span> <span class='ocrx_word' id='word_1_78' title='bbox 333 1259 455 1307; x_wconf 84' lang='lat' dir='ltr'>demens?</span> <span class='ocrx_word' id='word_1_79' title='bbox 486 1260 635 1308; x_wconf 85' lang='lat' dir='ltr'>habitarunt</span> <span class='ocrx_word' id='word_1_80' title='bbox 655 1261 680 1309; x_wconf 90' lang='lat' dir='ltr'>di</span> <span class='ocrx_word' id='word_1_81' title='bbox 700 1274 804 1323; x_wconf 87' lang='lat' dir='ltr'>quoque</span> 
     </span>
    </p>

    <p class='ocr_par' dir='ltr' id='par_1_6' title="bbox 75 1348 800 1766">
     <span class='ocr_line' id='line_1_14' title="bbox 377 1348 454 1396; baseline 0.013 -1"><span class='ocrx_word' id='word_1_82' title='bbox 377 1348 454 1396; x_wconf 89' lang='lat' dir='ltr'>silvas</span> 
     </span>
     <span class='ocr_line' id='line_1_15' title="bbox 75 1436 792 1499; baseline 0.001 -17"><span class='ocrx_word' id='word_1_83' title='bbox 75 1436 276 1498; x_wconf 82' lang='lat' dir='ltr'>Dardaniusque</span> <span class='ocrx_word' id='word_1_84' title='bbox 289 1437 372 1484; x_wconf 89' lang='lat' dir='ltr'>Paris.</span> <span class='ocrx_word' id='word_1_85' title='bbox 411 1437 497 1485; x_wconf 87' lang='lat' dir='ltr'>Pallas</span> <span class='ocrx_word' id='word_1_86' title='bbox 515 1453 579 1499; x_wconf 92' lang='lat' dir='ltr'>quas</span> <span class='ocrx_word' id='word_1_87' title='bbox 593 1437 709 1485; x_wconf 84' lang='lat' dir='ltr'>condidit</span> <span class='ocrx_word' id='word_1_88' title='bbox 721 1452 792 1485; x_wconf 89' lang='lat' dir='ltr'>arces</span> 
     </span>
     <span class='ocr_line' id='line_1_16' title="bbox 75 1523 731 1587; baseline 0.003 -17"><span class='ocrx_word' id='word_1_89' title='bbox 75 1523 134 1584; x_wconf 89' lang='lat' dir='ltr'>ipsa</span> <span class='ocrx_word' id='word_1_90' title='bbox 147 1525 230 1571; x_wconf 87' lang='lat' dir='ltr'>colat:</span> <span class='ocrx_word' id='word_1_91' title='bbox 252 1525 325 1573; x_wconf 92' lang='lat' dir='ltr'>nobis</span> <span class='ocrx_word' id='word_1_92' title='bbox 338 1526 459 1587; x_wconf 86' lang='lat' dir='ltr'>placeant</span> <span class='ocrx_word' id='word_1_93' title='bbox 471 1533 530 1574; x_wconf 89' lang='lat' dir='ltr'>ante</span> <span class='ocrx_word' id='word_1_94' title='bbox 544 1527 632 1574; x_wconf 91' lang='lat' dir='ltr'>omnia</span> <span class='ocrx_word' id='word_1_95' title='bbox 644 1526 731 1573; x_wconf 89' lang='lat' dir='ltr'>silvae.</span> 
     </span>
     <span class='ocr_line' id='line_1_17' title="bbox 76 1613 800 1678; baseline 0.003 -19"><span class='ocrx_word' id='word_1_96' title='bbox 76 1618 149 1659; x_wconf 88' lang='lat' dir='ltr'>torva</span> <span class='ocrx_word' id='word_1_97' title='bbox 162 1613 253 1661; x_wconf 88' lang='lat' dir='ltr'>leaena</span> <span class='ocrx_word' id='word_1_98' title='bbox 265 1614 355 1676; x_wconf 91' lang='lat' dir='ltr'>lupum</span> <span class='ocrx_word' id='word_1_99' title='bbox 368 1615 491 1677; x_wconf 88' lang='lat' dir='ltr'>sequitur,</span> <span class='ocrx_word' id='word_1_100' title='bbox 507 1616 582 1678; x_wconf 90' lang='lat' dir='ltr'>lupus</span> <span class='ocrx_word' id='word_1_101' title='bbox 596 1615 650 1676; x_wconf 91' lang='lat' dir='ltr'>ipse</span> <span class='ocrx_word' id='word_1_102' title='bbox 663 1614 800 1676; x_wconf 89' lang='lat' dir='ltr'>capellam,</span> 
     </span>
     <span class='ocr_line' id='line_1_18' title="bbox 75 1700 689 1766; baseline 0.005 -20"><span class='ocrx_word' id='word_1_103' title='bbox 75 1700 210 1748; x_wconf 88' lang='lat' dir='ltr'>florentem</span> <span class='ocrx_word' id='word_1_104' title='bbox 224 1702 331 1763; x_wconf 81' lang='lat' dir='ltr'>cytisum</span> <span class='ocrx_word' id='word_1_105' title='bbox 344 1704 459 1765; x_wconf 88' lang='lat' dir='ltr'>sequitur</span> <span class='ocrx_word' id='word_1_106' title='bbox 472 1704 567 1751; x_wconf 81' lang='lat' dir='ltr'>lasciva</span> <span class='ocrx_word' id='word_1_107' title='bbox 580 1704 689 1766; x_wconf 91' lang='lat' dir='ltr'>capella,</span> 
     </span>
    </p>

    <p class='ocr_par' dir='ltr' id='par_1_7' title="bbox 28 1787 800 1854">
     <span class='ocr_line' id='line_1_19' title="bbox 28 1787 800 1854; baseline 0.001 -20"><span class='ocrx_word' id='word_1_108' title='bbox 28 1793 55 1835; x_wconf 84' lang='lat'>55</span> <span class='ocrx_word' id='word_1_109' title='bbox 77 1795 102 1835; x_wconf 87' lang='lat' dir='ltr'>te</span> <span class='ocrx_word' id='word_1_110' title='bbox 111 1787 242 1850; x_wconf 87' lang='lat' dir='ltr'>Corydon,</span> <span class='ocrx_word' id='word_1_111' title='bbox 257 1805 272 1836; x_wconf 99' lang='lat' dir='ltr'>o</span> <span class='ocrx_word' id='word_1_112' title='bbox 280 1791 372 1850; x_wconf 71' lang='lat' dir='ltr'>Alexi,</span> <span class='ocrx_word' id='word_1_113' title='bbox 387 1791 465 1839; x_wconf 88' lang='lat' dir='ltr'>trahit</span> <span class='ocrx_word' id='word_1_114' title='bbox 475 1807 522 1839; x_wconf 85' lang='lat' dir='ltr'>sua</span> <span class='ocrx_word' id='word_1_115' title='bbox 534 1806 662 1854; x_wconf 90' lang='lat' dir='ltr'>quemque</span> <span class='ocrx_word' id='word_1_116' title='bbox 674 1792 800 1853; x_wconf 86' lang='lat' dir='ltr'>voluptas.</span> 
     </span>
    </p>
   </div>
   <div class='ocr_carea' id='block_1_3' title="bbox 76 1876 720 2031">
    <p class='ocr_par' dir='ltr' id='par_1_8' title="bbox 76 1876 720 2031">
     <span class='ocr_line' id='line_1_20' title="bbox 76 1876 720 1943; baseline 0.003 -20"><span class='ocrx_word' id='word_1_117' title='bbox 76 1876 172 1938; x_wconf 85' lang='lat' dir='ltr'>aspice,</span> <span class='ocrx_word' id='word_1_118' title='bbox 188 1884 273 1925; x_wconf 88' lang='lat' dir='ltr'>aratra</span> <span class='ocrx_word' id='word_1_119' title='bbox 285 1879 345 1939; x_wconf 90' lang='lat' dir='ltr'>iugo</span> <span class='ocrx_word' id='word_1_120' title='bbox 359 1880 472 1928; x_wconf 84' lang='lat' dir='ltr'>referunt</span> <span class='ocrx_word' id='word_1_121' title='bbox 484 1895 609 1943; x_wconf 89' lang='lat' dir='ltr'>suspensa</span> <span class='ocrx_word' id='word_1_122' title='bbox 621 1880 720 1927; x_wconf 88' lang='lat' dir='ltr'>iuvenci</span> 
     </span>
     <span class='ocr_line' id='line_1_21' title="bbox 76 1965 699 2031; baseline 0.002 -19"><span class='ocrx_word' id='word_1_123' title='bbox 76 1971 102 2012; x_wconf 89' lang='lat' dir='ltr'>et</span> <span class='ocrx_word' id='word_1_124' title='bbox 114 1965 154 2011; x_wconf 90' lang='lat' dir='ltr'>sol</span> <span class='ocrx_word' id='word_1_125' title='bbox 168 1966 303 2014; x_wconf 89' lang='lat' dir='ltr'>crescentis</span> <span class='ocrx_word' id='word_1_126' title='bbox 317 1968 442 2016; x_wconf 80' lang='lat' dir='ltr'>decedens</span> <span class='ocrx_word' id='word_1_127' title='bbox 456 1968 570 2031; x_wconf 87' lang='lat' dir='ltr'>duplicat</span> <span class='ocrx_word' id='word_1_128' title='bbox 583 1968 699 2014; x_wconf 88' lang='lat' dir='ltr'>umbras:</span> 
     </span>
    </p>
   </div>
   <div class='ocr_carea' id='block_1_4' title="bbox 28 2055 803 2547">
    <p class='ocr_par' dir='ltr' id='par_1_9' title="bbox 76 2055 803 2206">
     <span class='ocr_line' id='line_1_22' title="bbox 76 2055 803 2118; baseline 0.006 -19"><span class='ocrx_word' id='word_1_129' title='bbox 76 2067 117 2100; x_wconf 89' lang='lat' dir='ltr'>me</span> <span class='ocrx_word' id='word_1_130' title='bbox 125 2061 211 2100; x_wconf 88' lang='lat' dir='ltr'>tamen</span> <span class='ocrx_word' id='word_1_131' title='bbox 219 2055 269 2101; x_wconf 91' lang='lat' dir='ltr'>urit</span> <span class='ocrx_word' id='word_1_132' title='bbox 281 2070 369 2114; x_wconf 81' lang='lat' dir='ltr'>amor3</span> <span class='ocrx_word' id='word_1_133' title='bbox 384 2057 441 2118; x_wconf 91' lang='lat' dir='ltr'>quis</span> <span class='ocrx_word' id='word_1_134' title='bbox 453 2057 522 2104; x_wconf 90' lang='lat' dir='ltr'>enim</span> <span class='ocrx_word' id='word_1_135' title='bbox 532 2057 623 2103; x_wconf 88' lang='lat' dir='ltr'>modus</span> <span class='ocrx_word' id='word_1_136' title='bbox 632 2056 803 2103; x_wconf 86' lang='lat' dir='ltr'>adsitamori?</span> 
     </span>
     <span class='ocr_line' id='line_1_23' title="bbox 76 2139 756 2206; baseline 0.004 -18"><span class='ocrx_word' id='word_1_137' title='bbox 76 2158 100 2199; x_wconf 86' lang='lat' dir='ltr'>a,</span> <span class='ocrx_word' id='word_1_138' title='bbox 118 2139 249 2202; x_wconf 85' lang='lat' dir='ltr'>Corydon,</span> <span class='ocrx_word' id='word_1_139' title='bbox 266 2141 396 2204; x_wconf 91' lang='lat' dir='ltr'>Corydon,</span> <span class='ocrx_word' id='word_1_140' title='bbox 413 2159 479 2206; x_wconf 91' lang='lat' dir='ltr'>quae</span> <span class='ocrx_word' id='word_1_141' title='bbox 492 2152 517 2192; x_wconf 91' lang='lat' dir='ltr'>te</span> <span class='ocrx_word' id='word_1_142' title='bbox 530 2145 659 2192; x_wconf 72' lang='lat' dir='ltr'>clementia</span> <span class='ocrx_word' id='word_1_143' title='bbox 673 2145 756 2206; x_wconf 82' lang='lat' dir='ltr'>cepit?</span> 
     </span>
    </p>

    <p class='ocr_par' dir='ltr' id='par_1_10' title="bbox 28 2229 801 2547">
     <span class='ocr_line' id='line_1_24' title="bbox 28 2229 652 2290; baseline 0.002 -13"><span class='ocrx_word' id='word_1_144' title='bbox 28 2235 55 2277; x_wconf 68' lang='lat'>{0</span> <span class='ocrx_word' id='word_1_145' title='bbox 75 2229 231 2290; x_wconf 86' lang='lat' dir='ltr'>semiputata</span> <span class='ocrx_word' id='word_1_146' title='bbox 243 2229 288 2274; x_wconf 89' lang='lat' dir='ltr'>tihi</span> <span class='ocrx_word' id='word_1_147' title='bbox 302 2231 426 2278; x_wconf 76' lang='lat' dir='ltr'>frondosa</span> <span class='ocrx_word' id='word_1_148' title='bbox 439 2232 495 2278; x_wconf 87' lang='lat' dir='ltr'>vitis</span> <span class='ocrx_word' id='word_1_149' title='bbox 508 2232 535 2278; x_wconf 89' lang='lat' dir='ltr'>in</span> <span class='ocrx_word' id='word_1_150' title='bbox 549 2233 652 2280; x_wconf 87' lang='lat' dir='ltr'>ulmast.</span> 
     </span>
     <span class='ocr_line' id='line_1_25' title="bbox 75 2315 801 2380; baseline 0.004 -20"><span class='ocrx_word' id='word_1_151' title='bbox 75 2315 174 2377; x_wconf 91' lang='lat' dir='ltr'>quintu</span> <span class='ocrx_word' id='word_1_152' title='bbox 183 2315 280 2376; x_wconf 85' lang='lat' dir='ltr'>aliquid</span> <span class='ocrx_word' id='word_1_153' title='bbox 288 2317 379 2365; x_wconf 86' lang='lat' dir='ltr'>saltem</span> <span class='ocrx_word' id='word_1_154' title='bbox 390 2319 484 2380; x_wconf 90' lang='lat' dir='ltr'>potius,</span> <span class='ocrx_word' id='word_1_155' title='bbox 500 2334 609 2379; x_wconf 84' lang='lat' dir='ltr'>quorum</span> <span class='ocrx_word' id='word_1_156' title='bbox 621 2320 720 2380; x_wconf 85' lang='lat' dir='ltr'>indiget</span> <span class='ocrx_word' id='word_1_157' title='bbox 731 2333 801 2376; x_wconf 86' lang='lat' dir='ltr'>usus,</span> 
     </span>
     <span class='ocr_line' id='line_1_26' title="bbox 74 2402 679 2466; baseline 0.003 -17"><span class='ocrx_word' id='word_1_158' title='bbox 74 2402 214 2449; x_wconf 83' lang='lat' dir='ltr'>viminibus</span> <span class='ocrx_word' id='word_1_159' title='bbox 227 2404 351 2466; x_wconf 90' lang='lat' dir='ltr'>mollique</span> <span class='ocrx_word' id='word_1_160' title='bbox 364 2420 438 2466; x_wconf 88' lang='lat' dir='ltr'>paras</span> <span class='ocrx_word' id='word_1_161' title='bbox 452 2405 571 2452; x_wconf 87' lang='lat' dir='ltr'>detexere</span> <span class='ocrx_word' id='word_1_162' title='bbox 583 2404 679 2451; x_wconf 82' lang='lat' dir='ltr'>iunco?</span> 
     </span>
     <span class='ocr_line' id='line_1_27' title="bbox 74 2483 681 2547; baseline -0.002 -10"><span class='ocrx_word' id='word_1_163' title='bbox 74 2488 190 2537; x_wconf 88' lang='lat' dir='ltr'>invenies</span> <span class='ocrx_word' id='word_1_164' title='bbox 205 2489 293 2545; x_wconf 90' lang='lat' dir='ltr'>alium,</span> <span class='ocrx_word' id='word_1_165' title='bbox 309 2489 329 2535; x_wconf 88' lang='lat' dir='ltr'>si</span> <span class='ocrx_word' id='word_1_166' title='bbox 344 2497 367 2536; x_wconf 89' lang='lat' dir='ltr'>te</span> <span class='ocrx_word' id='word_1_167' title='bbox 381 2490 423 2536; x_wconf 91' lang='lat' dir='ltr'>hic</span> <span class='ocrx_word' id='word_1_168' title='bbox 436 2489 541 2547; x_wconf 85' lang='lat' dir='ltr'>fastidit,</span> <span class='ocrx_word' id='word_1_169' title='bbox 557 2483 681 2537; x_wconf 87' lang='lat' dir='ltr'>Alexim.&#39;</span> 
     </span>
    </p>
   </div>
   <div class='ocr_carea' id='block_1_5' title="bbox 330 2618 483 2627">
    <p class='ocr_par' dir='ltr' id='par_1_11' title="bbox 330 2618 483 2627">
     <span class='ocr_line' id='line_1_28' title="bbox 330 2618 483 2627; baseline 0.007 0"><span class='ocrx_word' id='word_1_170' title='bbox 330 2618 415 2627; x_wconf 58' lang='grc' dir='ltr'>η-ι-ι--ι</span> <span class='ocrx_word' id='word_1_171' title='bbox 418 2620 483 2627; x_wconf 74' lang='lat'>-—-</span> 
     </span>
    </p>
   </div>
   <div class='ocr_carea' id='block_1_6' title="bbox 0 0 908 2956">
    <p class='ocr_par' dir='ltr' id='par_1_12' title="bbox 0 0 908 2956">
     <span class='ocr_line' id='line_1_29' title="bbox 0 0 908 2956; baseline 0 0"><span class='ocrx_word' id='word_1_172' title='bbox 0 0 908 2956; x_wconf 95' lang='lat' dir='ltr'> </span> 
     </span>
    </p>
   </div>
  </div>
 </body>
</html>
