<?xml version="1.0" encoding="UTF-8"?>
<!DOCTYPE html PUBLIC "-//W3C//DTD XHTML 1.0 Transitional//EN"
    "http://www.w3.org/TR/xhtml1/DTD/xhtml1-transitional.dtd">
<html xmlns="http://www.w3.org/1999/xhtml" xml:lang="en" lang="en">
 <head>
  <title>
</title>
<meta http-equiv="Content-Type" content="text/html;charset=utf-8" />
  <meta name='ocr-system' content='tesseract 3.04.00' />
  <meta name='ocr-capabilities' content='ocr_page ocr_carea ocr_par ocr_line ocrx_word'/>
</head>
<body>
  <div class='ocr_page' id='page_1' title='image "./pvergiliusmaro00virggoog/pvergiliusmaro00virggoog_0529.png"; bbox 0 0 1808 2956; ppageno 0'>
   <div class='ocr_carea' id='block_1_1' title="bbox 60 171 508 218">
    <p class='ocr_par' dir='ltr' id='par_1_1' title="bbox 60 171 508 218">
     <span class='ocr_line' id='line_1_1' title="bbox 60 171 508 218; baseline -0.009 0"><span class='ocrx_word' id='word_1_1' title='bbox 60 171 118 218; x_wconf 83' lang='lat'>536</span> <span class='ocrx_word' id='word_1_2' title='bbox 401 176 508 216; x_wconf 75' lang='lat' dir='ltr'>CULEX.</span> 
     </span>
    </p>
   </div>
   <div class='ocr_carea' id='block_1_2' title="bbox 77 332 800 1455">
    <p class='ocr_par' dir='ltr' id='par_1_2' title="bbox 77 332 800 1455">
     <span class='ocr_line' id='line_1_2' title="bbox 128 332 794 395; baseline -0.009 -12"><span class='ocrx_word' id='word_1_3' title='bbox 128 335 236 383; x_wconf 82' lang='lat' dir='ltr'>Alconis</span> <span class='ocrx_word' id='word_1_4' title='bbox 249 333 362 382; x_wconf 85' lang='lat' dir='ltr'>referunt</span> <span class='ocrx_word' id='word_1_5' title='bbox 374 333 522 395; x_wconf 88' lang='lat' dir='ltr'>Rhoecique</span> <span class='ocrx_word' id='word_1_6' title='bbox 536 340 662 391; x_wconf 89' lang='lat' dir='ltr'>toreuma,</span> <span class='ocrx_word' id='word_1_7' title='bbox 678 347 725 380; x_wconf 89' lang='lat' dir='ltr'>nec</span> <span class='ocrx_word' id='word_1_8' title='bbox 738 332 794 379; x_wconf 88' lang='lat' dir='ltr'>Indi</span> 
     </span>
     <span class='ocr_line' id='line_1_3' title="bbox 129 421 800 484; baseline -0.007 -13"><span class='ocrx_word' id='word_1_9' title='bbox 129 423 244 471; x_wconf 87' lang='lat' dir='ltr'>conchea</span> <span class='ocrx_word' id='word_1_10' title='bbox 256 422 321 470; x_wconf 89' lang='lat' dir='ltr'>baca</span> <span class='ocrx_word' id='word_1_11' title='bbox 334 422 410 470; x_wconf 84' lang='lat' dir='ltr'>maris</span> <span class='ocrx_word' id='word_1_12' title='bbox 424 421 506 484; x_wconf 86' lang='lat' dir='ltr'>pretio</span> <span class='ocrx_word' id='word_1_13' title='bbox 520 427 566 479; x_wconf 92' lang='lat' dir='ltr'>est,</span> <span class='ocrx_word' id='word_1_14' title='bbox 582 429 609 468; x_wconf 90' lang='lat' dir='ltr'>at</span> <span class='ocrx_word' id='word_1_15' title='bbox 621 428 726 483; x_wconf 84' lang='lat' dir='ltr'>pectore</span> <span class='ocrx_word' id='word_1_16' title='bbox 737 435 800 483; x_wconf 91' lang='lat' dir='ltr'>puro</span> 
     </span>
     <span class='ocr_line' id='line_1_4' title="bbox 128 510 789 574; baseline -0.005 -15"><span class='ocrx_word' id='word_1_17' title='bbox 128 526 204 574; x_wconf 85' lang='lat' dir='ltr'>saepe</span> <span class='ocrx_word' id='word_1_18' title='bbox 217 526 294 573; x_wconf 90' lang='lat' dir='ltr'>super</span> <span class='ocrx_word' id='word_1_19' title='bbox 306 517 393 558; x_wconf 90' lang='lat' dir='ltr'>tenero</span> <span class='ocrx_word' id='word_1_20' title='bbox 407 510 546 572; x_wconf 82' lang='lat' dir='ltr'>prosternit</span> <span class='ocrx_word' id='word_1_21' title='bbox 557 510 675 570; x_wconf 87' lang='lat' dir='ltr'>gramine</span> <span class='ocrx_word' id='word_1_22' title='bbox 688 525 789 572; x_wconf 88' lang='lat' dir='ltr'>corpus,</span> 
     </span>
     <span class='ocr_line' id='line_1_5' title="bbox 77 597 797 660; baseline -0.004 -13"><span class='ocrx_word' id='word_1_23' title='bbox 77 604 109 648; x_wconf 84' lang='lat'>70</span> <span class='ocrx_word' id='word_1_24' title='bbox 128 600 220 647; x_wconf 89' lang='lat' dir='ltr'>florida</span> <span class='ocrx_word' id='word_1_25' title='bbox 233 615 292 647; x_wconf 91' lang='lat' dir='ltr'>cum</span> <span class='ocrx_word' id='word_1_26' title='bbox 305 600 381 646; x_wconf 91' lang='lat' dir='ltr'>tellus</span> <span class='ocrx_word' id='word_1_27' title='bbox 394 606 552 659; x_wconf 85' lang='lat' dir='ltr'>gemmantes</span> <span class='ocrx_word' id='word_1_28' title='bbox 568 599 636 660; x_wconf 86' lang='lat' dir='ltr'>picta</span> <span class='ocrx_word' id='word_1_29' title='bbox 649 613 695 660; x_wconf 92' lang='lat' dir='ltr'>per</span> <span class='ocrx_word' id='word_1_30' title='bbox 707 597 797 645; x_wconf 87' lang='lat' dir='ltr'>herbas</span> 
     </span>
     <span class='ocr_line' id='line_1_6' title="bbox 129 687 718 745; baseline -0.002 -11"><span class='ocrx_word' id='word_1_31' title='bbox 129 703 186 736; x_wconf 90' lang='lat' dir='ltr'>vere</span> <span class='ocrx_word' id='word_1_32' title='bbox 200 693 273 735; x_wconf 90' lang='lat' dir='ltr'>notat</span> <span class='ocrx_word' id='word_1_33' title='bbox 286 687 355 735; x_wconf 88' lang='lat' dir='ltr'>dulci</span> <span class='ocrx_word' id='word_1_34' title='bbox 370 687 491 734; x_wconf 89' lang='lat' dir='ltr'>distincta</span> <span class='ocrx_word' id='word_1_35' title='bbox 504 687 635 734; x_wconf 90' lang='lat' dir='ltr'>coloribus</span> <span class='ocrx_word' id='word_1_36' title='bbox 649 701 718 745; x_wconf 86' lang='lat' dir='ltr'>arva,</span> 
     </span>
     <span class='ocr_line' id='line_1_7' title="bbox 129 775 791 838; baseline -0.006 -14"><span class='ocrx_word' id='word_1_37' title='bbox 129 783 206 838; x_wconf 90' lang='lat' dir='ltr'>atque</span> <span class='ocrx_word' id='word_1_38' title='bbox 218 776 302 834; x_wconf 91' lang='lat' dir='ltr'>illum,</span> <span class='ocrx_word' id='word_1_39' title='bbox 318 776 418 823; x_wconf 85' lang='lat' dir='ltr'>calamo</span> <span class='ocrx_word' id='word_1_40' title='bbox 432 775 528 822; x_wconf 85' lang='lat' dir='ltr'>lactum</span> <span class='ocrx_word' id='word_1_41' title='bbox 541 776 671 823; x_wconf 78' lang='lat' dir='ltr'>recinente</span> <span class='ocrx_word' id='word_1_42' title='bbox 685 775 791 837; x_wconf 78' lang='lat' dir='ltr'>palustri</span> 
     </span>
     <span class='ocr_line' id='line_1_8' title="bbox 129 863 752 926; baseline 0 -15"><span class='ocrx_word' id='word_1_43' title='bbox 129 865 233 926; x_wconf 90' lang='lat' dir='ltr'>otiaque</span> <span class='ocrx_word' id='word_1_44' title='bbox 246 864 342 911; x_wconf 87' lang='lat' dir='ltr'>invidia</span> <span class='ocrx_word' id='word_1_45' title='bbox 356 864 491 924; x_wconf 86' lang='lat' dir='ltr'>degentem</span> <span class='ocrx_word' id='word_1_46' title='bbox 505 879 535 910; x_wconf 88' lang='lat' dir='ltr'>ac</span> <span class='ocrx_word' id='word_1_47' title='bbox 549 863 638 910; x_wconf 87' lang='lat' dir='ltr'>fraude</span> <span class='ocrx_word' id='word_1_48' title='bbox 651 870 752 911; x_wconf 86' lang='lat' dir='ltr'>remota</span> 
     </span>
     <span class='ocr_line' id='line_1_9' title="bbox 128 951 774 1015; baseline -0.005 -15"><span class='ocrx_word' id='word_1_49' title='bbox 128 954 320 1015; x_wconf 86' lang='lat' dir='ltr'>pollentemque</span> <span class='ocrx_word' id='word_1_50' title='bbox 333 951 391 1011; x_wconf 88' lang='lat' dir='ltr'>sibi,</span> <span class='ocrx_word' id='word_1_51' title='bbox 407 952 480 998; x_wconf 84' lang='lat' dir='ltr'>viridi</span> <span class='ocrx_word' id='word_1_52' title='bbox 495 967 552 1000; x_wconf 88' lang='lat' dir='ltr'>cunr</span> <span class='ocrx_word' id='word_1_53' title='bbox 566 952 672 1013; x_wconf 80' lang='lat' dir='ltr'>palmite</span> <span class='ocrx_word' id='word_1_54' title='bbox 685 953 774 1000; x_wconf 89' lang='lat' dir='ltr'>lucens</span> 
     </span>
     <span class='ocr_line' id='line_1_10' title="bbox 78 1040 773 1103; baseline -0.004 -14"><span class='ocrx_word' id='word_1_55' title='bbox 78 1044 109 1090; x_wconf 84' lang='lat'>75</span> <span class='ocrx_word' id='word_1_56' title='bbox 131 1041 236 1089; x_wconf 85' lang='lat' dir='ltr'>Tmolia</span> <span class='ocrx_word' id='word_1_57' title='bbox 248 1041 386 1103; x_wconf 90' lang='lat' dir='ltr'>pampineo</span> <span class='ocrx_word' id='word_1_58' title='bbox 400 1040 487 1088; x_wconf 85' lang='lat' dir='ltr'>subter</span> <span class='ocrx_word' id='word_1_59' title='bbox 500 1055 575 1087; x_wconf 89' lang='lat' dir='ltr'>coma</span> <span class='ocrx_word' id='word_1_60' title='bbox 587 1040 655 1087; x_wconf 84' lang='lat' dir='ltr'>volat</span> <span class='ocrx_word' id='word_1_61' title='bbox 669 1040 773 1088; x_wconf 87' lang='lat' dir='ltr'>amictu.</span> 
     </span>
     <span class='ocr_line' id='line_1_11' title="bbox 131 1129 681 1190; baseline -0.002 -14"><span class='ocrx_word' id='word_1_62' title='bbox 131 1130 169 1177; x_wconf 95' lang='lat' dir='ltr'>illi</span> <span class='ocrx_word' id='word_1_63' title='bbox 183 1136 242 1177; x_wconf 90' lang='lat' dir='ltr'>sunt</span> <span class='ocrx_word' id='word_1_64' title='bbox 254 1136 343 1190; x_wconf 86' lang='lat' dir='ltr'>gratae</span> <span class='ocrx_word' id='word_1_65' title='bbox 356 1135 470 1176; x_wconf 91' lang='lat' dir='ltr'>rorantes</span> <span class='ocrx_word' id='word_1_66' title='bbox 484 1129 551 1176; x_wconf 88' lang='lat' dir='ltr'>lacte</span> <span class='ocrx_word' id='word_1_67' title='bbox 565 1129 681 1190; x_wconf 85' lang='lat' dir='ltr'>capellae</span> 
     </span>
     <span class='ocr_line' id='line_1_12' title="bbox 130 1216 747 1264; baseline 0 0"><span class='ocrx_word' id='word_1_68' title='bbox 130 1224 155 1264; x_wconf 88' lang='lat' dir='ltr'>et</span> <span class='ocrx_word' id='word_1_69' title='bbox 168 1232 256 1264; x_wconf 89' lang='lat' dir='ltr'>nemus</span> <span class='ocrx_word' id='word_1_70' title='bbox 270 1224 294 1264; x_wconf 87' lang='lat' dir='ltr'>et</span> <span class='ocrx_word' id='word_1_71' title='bbox 307 1216 417 1264; x_wconf 87' lang='lat' dir='ltr'>fecunda</span> <span class='ocrx_word' id='word_1_72' title='bbox 429 1217 504 1264; x_wconf 86' lang='lat' dir='ltr'>Pales</span> <span class='ocrx_word' id='word_1_73' title='bbox 518 1224 543 1264; x_wconf 89' lang='lat' dir='ltr'>et</span> <span class='ocrx_word' id='word_1_74' title='bbox 556 1216 665 1264; x_wconf 90' lang='lat' dir='ltr'>vallibus</span> <span class='ocrx_word' id='word_1_75' title='bbox 678 1217 747 1264; x_wconf 90' lang='lat' dir='ltr'>intus</span> 
     </span>
     <span class='ocr_line' id='line_1_13' title="bbox 130 1305 779 1366; baseline -0.003 -15"><span class='ocrx_word' id='word_1_76' title='bbox 130 1319 229 1366; x_wconf 89' lang='lat' dir='ltr'>semper</span> <span class='ocrx_word' id='word_1_77' title='bbox 242 1319 325 1366; x_wconf 86' lang='lat' dir='ltr'>opaca</span> <span class='ocrx_word' id='word_1_78' title='bbox 338 1305 409 1352; x_wconf 89' lang='lat' dir='ltr'>novis</span> <span class='ocrx_word' id='word_1_79' title='bbox 422 1306 556 1353; x_wconf 80' lang='lat' dir='ltr'>manantia</span> <span class='ocrx_word' id='word_1_80' title='bbox 569 1305 683 1352; x_wconf 84' lang='lat' dir='ltr'>fontibus</span> <span class='ocrx_word' id='word_1_81' title='bbox 697 1312 779 1351; x_wconf 84' lang='lat' dir='ltr'>antra.</span> 
     </span>
     <span class='ocr_line' id='line_1_14' title="bbox 130 1391 784 1455; baseline 0.003 -18"><span class='ocrx_word' id='word_1_82' title='bbox 130 1392 187 1453; x_wconf 90' lang='lat' dir='ltr'>quis</span> <span class='ocrx_word' id='word_1_83' title='bbox 200 1391 283 1452; x_wconf 85' lang='lat' dir='ltr'>magis</span> <span class='ocrx_word' id='word_1_84' title='bbox 297 1399 385 1454; x_wconf 89' lang='lat' dir='ltr'>optato</span> <span class='ocrx_word' id='word_1_85' title='bbox 400 1403 477 1455; x_wconf 86' lang='lat' dir='ltr'>queat</span> <span class='ocrx_word' id='word_1_86' title='bbox 490 1409 545 1442; x_wconf 89' lang='lat' dir='ltr'>esse</span> <span class='ocrx_word' id='word_1_87' title='bbox 558 1394 658 1441; x_wconf 89' lang='lat' dir='ltr'>beatior</span> <span class='ocrx_word' id='word_1_88' title='bbox 671 1407 734 1440; x_wconf 86' lang='lat' dir='ltr'>aevo</span> <span class='ocrx_word' id='word_1_89' title='bbox 781 1409 784 1415; x_wconf 92' lang='lat'>·</span> 
     </span>
    </p>
   </div>
   <div class='ocr_carea' id='block_1_3' title="bbox 78 1479 830 1982">
    <p class='ocr_par' dir='ltr' id='par_1_3' title="bbox 78 1479 830 1982">
     <span class='ocr_line' id='line_1_15' title="bbox 78 1479 830 1544; baseline -0.003 -17"><span class='ocrx_word' id='word_1_90' title='bbox 78 1485 110 1527; x_wconf 88' lang='lat'>80</span> <span class='ocrx_word' id='word_1_91' title='bbox 131 1495 208 1541; x_wconf 85' lang='lat' dir='ltr'>quam</span> <span class='ocrx_word' id='word_1_92' title='bbox 222 1479 265 1542; x_wconf 90' lang='lat' dir='ltr'>qui</span> <span class='ocrx_word' id='word_1_93' title='bbox 279 1486 364 1527; x_wconf 89' lang='lat' dir='ltr'>mente</span> <span class='ocrx_word' id='word_1_94' title='bbox 377 1483 467 1542; x_wconf 90' lang='lat' dir='ltr'>procul</span> <span class='ocrx_word' id='word_1_95' title='bbox 480 1498 545 1544; x_wconf 90' lang='lat' dir='ltr'>pura</span> <span class='ocrx_word' id='word_1_96' title='bbox 558 1496 686 1543; x_wconf 89' lang='lat' dir='ltr'>sensuque</span> <span class='ocrx_word' id='word_1_97' title='bbox 700 1480 830 1542; x_wconf 83' lang='lat' dir='ltr'>probando</span> 
     </span>
     <span class='ocr_line' id='line_1_16' title="bbox 130 1567 736 1631; baseline 0.002 -16"><span class='ocrx_word' id='word_1_98' title='bbox 130 1582 183 1615; x_wconf 91' lang='lat' dir='ltr'>non</span> <span class='ocrx_word' id='word_1_99' title='bbox 197 1568 284 1615; x_wconf 89' lang='lat' dir='ltr'>avidas</span> <span class='ocrx_word' id='word_1_100' title='bbox 298 1567 422 1629; x_wconf 82' lang='lat' dir='ltr'>adgnovit</span> <span class='ocrx_word' id='word_1_101' title='bbox 434 1584 495 1631; x_wconf 91' lang='lat' dir='ltr'>opes</span> <span class='ocrx_word' id='word_1_102' title='bbox 509 1584 556 1618; x_wconf 93' lang='lat' dir='ltr'>nec</span> <span class='ocrx_word' id='word_1_103' title='bbox 570 1569 653 1616; x_wconf 85' lang='lat' dir='ltr'>tristia</span> <span class='ocrx_word' id='word_1_104' title='bbox 666 1569 736 1616; x_wconf 85' lang='lat' dir='ltr'>bella</span> 
     </span>
     <span class='ocr_line' id='line_1_17' title="bbox 131 1655 756 1714; baseline 0 -11"><span class='ocrx_word' id='word_1_105' title='bbox 131 1671 178 1704; x_wconf 86' lang='lat' dir='ltr'>nec</span> <span class='ocrx_word' id='word_1_106' title='bbox 191 1655 292 1705; x_wconf 88' lang='lat' dir='ltr'>funesta</span> <span class='ocrx_word' id='word_1_107' title='bbox 305 1656 376 1704; x_wconf 89' lang='lat' dir='ltr'>timet</span> <span class='ocrx_word' id='word_1_108' title='bbox 388 1658 488 1705; x_wconf 87' lang='lat' dir='ltr'>validae</span> <span class='ocrx_word' id='word_1_109' title='bbox 502 1657 643 1705; x_wconf 85' lang='lat' dir='ltr'>certamina</span> <span class='ocrx_word' id='word_1_110' title='bbox 656 1657 756 1714; x_wconf 85' lang='lat' dir='ltr'>classis,</span> 
     </span>
     <span class='ocr_line' id='line_1_18' title="bbox 131 1744 806 1806; baseline -0.003 -14"><span class='ocrx_word' id='word_1_111' title='bbox 131 1759 178 1792; x_wconf 86' lang='lat' dir='ltr'>nec</span> <span class='ocrx_word' id='word_1_112' title='bbox 192 1745 281 1806; x_wconf 89' lang='lat' dir='ltr'>spoliis</span> <span class='ocrx_word' id='word_1_113' title='bbox 295 1744 356 1791; x_wconf 91' lang='lat' dir='ltr'>dum</span> <span class='ocrx_word' id='word_1_114' title='bbox 369 1753 459 1793; x_wconf 89' lang='lat' dir='ltr'>sancta</span> <span class='ocrx_word' id='word_1_115' title='bbox 472 1746 548 1792; x_wconf 91' lang='lat' dir='ltr'>deum</span> <span class='ocrx_word' id='word_1_116' title='bbox 560 1744 719 1806; x_wconf 79' lang='lat' dir='ltr'>fulgentibus</span> <span class='ocrx_word' id='word_1_117' title='bbox 733 1752 806 1791; x_wconf 87' lang='lat' dir='ltr'>ornet</span> 
     </span>
     <span class='ocr_line' id='line_1_19' title="bbox 132 1832 796 1895; baseline 0 -16"><span class='ocrx_word' id='word_1_118' title='bbox 132 1834 227 1895; x_wconf 88' lang='lat' dir='ltr'>templa</span> <span class='ocrx_word' id='word_1_119' title='bbox 240 1834 278 1881; x_wconf 87' lang='lat' dir='ltr'>vel</span> <span class='ocrx_word' id='word_1_120' title='bbox 292 1840 392 1881; x_wconf 88' lang='lat' dir='ltr'>evectus</span> <span class='ocrx_word' id='word_1_121' title='bbox 407 1833 483 1880; x_wconf 89' lang='lat' dir='ltr'>linem</span> <span class='ocrx_word' id='word_1_122' title='bbox 496 1834 662 1881; x_wconf 82' lang='lat' dir='ltr'>transcendat</span> <span class='ocrx_word' id='word_1_123' title='bbox 675 1832 796 1890; x_wconf 87' lang='lat' dir='ltr'>habendi,</span> 
     </span>
     <span class='ocr_line' id='line_1_20' title="bbox 79 1921 767 1982; baseline -0.003 -13"><span class='ocrx_word' id='word_1_124' title='bbox 79 1927 110 1969; x_wconf 90' lang='lat'>85</span> <span class='ocrx_word' id='word_1_125' title='bbox 131 1922 266 1970; x_wconf 88' lang='lat' dir='ltr'>adversum</span> <span class='ocrx_word' id='word_1_126' title='bbox 279 1922 360 1969; x_wconf 87' lang='lat' dir='ltr'>saevis</span> <span class='ocrx_word' id='word_1_127' title='bbox 374 1922 441 1968; x_wconf 87' lang='lat' dir='ltr'>ultro</span> <span class='ocrx_word' id='word_1_128' title='bbox 456 1928 533 1982; x_wconf 88' lang='lat' dir='ltr'>caput</span> <span class='ocrx_word' id='word_1_129' title='bbox 546 1921 662 1968; x_wconf 90' lang='lat' dir='ltr'>hostibus</span> <span class='ocrx_word' id='word_1_130' title='bbox 677 1921 767 1969; x_wconf 79' lang='lat' dir='ltr'>offert?</span> 
     </span>
    </p>
   </div>
   <div class='ocr_carea' id='block_1_4' title="bbox 81 2009 804 2605">
    <p class='ocr_par' dir='ltr' id='par_1_4' title="bbox 131 2009 759 2337">
     <span class='ocr_line' id='line_1_21' title="bbox 131 2009 697 2071; baseline 0.002 -15"><span class='ocrx_word' id='word_1_131' title='bbox 131 2009 170 2056; x_wconf 94' lang='lat' dir='ltr'>illi</span> <span class='ocrx_word' id='word_1_132' title='bbox 184 2009 250 2058; x_wconf 87' lang='lat' dir='ltr'>falce</span> <span class='ocrx_word' id='word_1_133' title='bbox 264 2011 326 2058; x_wconf 87' lang='lat' dir='ltr'>deus</span> <span class='ocrx_word' id='word_1_134' title='bbox 339 2009 441 2068; x_wconf 89' lang='lat' dir='ltr'>colitur,</span> <span class='ocrx_word' id='word_1_135' title='bbox 456 2024 509 2056; x_wconf 92' lang='lat' dir='ltr'>nou</span> <span class='ocrx_word' id='word_1_136' title='bbox 523 2018 577 2057; x_wconf 88' lang='lat' dir='ltr'>arte</span> <span class='ocrx_word' id='word_1_137' title='bbox 592 2010 697 2071; x_wconf 88' lang='lat' dir='ltr'>politus,</span> 
     </span>
     <span class='ocr_line' id='line_1_22' title="bbox 132 2097 617 2156; baseline 0 -12"><span class='ocrx_word' id='word_1_138' title='bbox 132 2098 177 2146; x_wconf 91' lang='lat' dir='ltr'>ille</span> <span class='ocrx_word' id='word_1_139' title='bbox 191 2098 253 2145; x_wconf 91' lang='lat' dir='ltr'>colit</span> <span class='ocrx_word' id='word_1_140' title='bbox 265 2099 346 2156; x_wconf 87' lang='lat' dir='ltr'>lucos,</span> <span class='ocrx_word' id='word_1_141' title='bbox 362 2099 401 2145; x_wconf 95' lang='lat' dir='ltr'>illi</span> <span class='ocrx_word' id='word_1_142' title='bbox 414 2097 547 2145; x_wconf 88' lang='lat' dir='ltr'>Panchaia</span> <span class='ocrx_word' id='word_1_143' title='bbox 560 2105 617 2144; x_wconf 85' lang='lat' dir='ltr'>tura</span> 
     </span>
     <span class='ocr_line' id='line_1_23' title="bbox 131 2185 759 2248; baseline -0.003 -14"><span class='ocrx_word' id='word_1_144' title='bbox 131 2185 236 2234; x_wconf 90' lang='lat' dir='ltr'>floribus</span> <span class='ocrx_word' id='word_1_145' title='bbox 250 2193 362 2248; x_wconf 82' lang='lat' dir='ltr'>agrestes</span> <span class='ocrx_word' id='word_1_146' title='bbox 376 2187 470 2234; x_wconf 88' lang='lat' dir='ltr'>herbae</span> <span class='ocrx_word' id='word_1_147' title='bbox 483 2186 640 2234; x_wconf 87' lang='lat' dir='ltr'>variantibus</span> <span class='ocrx_word' id='word_1_148' title='bbox 654 2186 759 2244; x_wconf 83' lang='lat' dir='ltr'>addunt,</span> 
     </span>
     <span class='ocr_line' id='line_1_24' title="bbox 132 2275 723 2337; baseline 0.002 -16"><span class='ocrx_word' id='word_1_149' title='bbox 132 2275 171 2321; x_wconf 92' lang='lat' dir='ltr'>illi</span> <span class='ocrx_word' id='word_1_150' title='bbox 185 2275 267 2323; x_wconf 89' lang='lat' dir='ltr'>dulcis</span> <span class='ocrx_word' id='word_1_151' title='bbox 281 2276 353 2323; x_wconf 88' lang='lat' dir='ltr'>adest</span> <span class='ocrx_word' id='word_1_152' title='bbox 365 2275 466 2336; x_wconf 86' lang='lat' dir='ltr'>requies</span> <span class='ocrx_word' id='word_1_153' title='bbox 480 2281 505 2322; x_wconf 92' lang='lat' dir='ltr'>et</span> <span class='ocrx_word' id='word_1_154' title='bbox 519 2290 583 2337; x_wconf 87' lang='lat' dir='ltr'>pura</span> <span class='ocrx_word' id='word_1_155' title='bbox 595 2275 723 2337; x_wconf 88' lang='lat' dir='ltr'>voluptas,</span> 
     </span>
    </p>

    <p class='ocr_par' dir='ltr' id='par_1_5' title="bbox 81 2362 804 2605">
     <span class='ocr_line' id='line_1_25' title="bbox 81 2362 804 2425; baseline -0.001 -14"><span class='ocrx_word' id='word_1_156' title='bbox 81 2370 113 2411; x_wconf 82' lang='grc'>90</span> <span class='ocrx_word' id='word_1_157' title='bbox 133 2362 223 2421; x_wconf 87' lang='lat' dir='ltr'>libera,</span> <span class='ocrx_word' id='word_1_158' title='bbox 240 2363 399 2425; x_wconf 88' lang='lat' dir='ltr'>simplicibus</span> <span class='ocrx_word' id='word_1_159' title='bbox 414 2363 497 2422; x_wconf 80' lang='lat' dir='ltr'>curis3</span> <span class='ocrx_word' id='word_1_160' title='bbox 518 2362 568 2410; x_wconf 93' lang='lat' dir='ltr'>huc</span> <span class='ocrx_word' id='word_1_161' title='bbox 581 2363 698 2420; x_wconf 87' lang='lat' dir='ltr'>inminet,</span> <span class='ocrx_word' id='word_1_162' title='bbox 715 2377 804 2410; x_wconf 84' lang='lat' dir='ltr'>ornnes</span> 
     </span>
     <span class='ocr_line' id='line_1_26' title="bbox 134 2449 803 2513; baseline -0.001 -15"><span class='ocrx_word' id='word_1_163' title='bbox 134 2451 221 2513; x_wconf 87' lang='lat' dir='ltr'>dirigit</span> <span class='ocrx_word' id='word_1_164' title='bbox 234 2451 284 2500; x_wconf 94' lang='lat' dir='ltr'>huc</span> <span class='ocrx_word' id='word_1_165' title='bbox 297 2466 396 2511; x_wconf 86' lang='lat' dir='ltr'>sensus,</span> <span class='ocrx_word' id='word_1_166' title='bbox 413 2452 476 2499; x_wconf 88' lang='lat' dir='ltr'>haec</span> <span class='ocrx_word' id='word_1_167' title='bbox 489 2466 552 2498; x_wconf 86' lang='lat' dir='ltr'>cura</span> <span class='ocrx_word' id='word_1_168' title='bbox 565 2458 603 2498; x_wconf 87' lang='lat' dir='ltr'>est</span> <span class='ocrx_word' id='word_1_169' title='bbox 615 2449 719 2498; x_wconf 87' lang='lat' dir='ltr'>subdita</span> <span class='ocrx_word' id='word_1_170' title='bbox 732 2451 803 2499; x_wconf 86' lang='lat' dir='ltr'>cordi</span> 
     </span>
     <span class='ocr_line' id='line_1_27' title="bbox 132 2538 747 2605; baseline -0.005 -16"><span class='ocrx_word' id='word_1_171' title='bbox 132 2540 250 2605; x_wconf 84' lang='lat' dir='ltr'>quolibet</span> <span class='ocrx_word' id='word_1_172' title='bbox 264 2546 290 2588; x_wconf 91' lang='lat' dir='ltr'>ut</span> <span class='ocrx_word' id='word_1_173' title='bbox 302 2540 390 2605; x_wconf 90' lang='lat' dir='ltr'>requie</span> <span class='ocrx_word' id='word_1_174' title='bbox 403 2540 471 2588; x_wconf 86' lang='lat' dir='ltr'>victu</span> <span class='ocrx_word' id='word_1_175' title='bbox 484 2545 618 2587; x_wconf 87' lang='lat' dir='ltr'>contentus</span> <span class='ocrx_word' id='word_1_176' title='bbox 632 2538 747 2586; x_wconf 88' lang='lat' dir='ltr'>abundet</span> 
     </span>
    </p>
   </div>
   <div class='ocr_carea' id='block_1_5' title="bbox 116 2629 789 2704">
    <p class='ocr_par' dir='ltr' id='par_1_6' title="bbox 116 2629 789 2704">
     <span class='ocr_line' id='line_1_28' title="bbox 116 2629 789 2704; baseline -0.022 -21"><span class='ocrx_word' id='word_1_177' title='bbox 116 2633 295 2704; x_wconf 83' lang='lat' dir='ltr'>iucundoque</span> <span class='ocrx_word' id='word_1_178' title='bbox 310 2635 380 2687; x_wconf 87' lang='lat' dir='ltr'>levet</span> <span class='ocrx_word' id='word_1_179' title='bbox 392 2629 553 2698; x_wconf 80' lang='lat' dir='ltr'>languentia</span> <span class='ocrx_word' id='word_1_180' title='bbox 564 2640 678 2687; x_wconf 70' lang='lat' dir='ltr'>corpora</span> <span class='ocrx_word' id='word_1_181' title='bbox 686 2640 789 2670; x_wconf 65' lang='lat' dir='ltr'>sorum.</span> 
     </span>
    </p>
   </div>
   <div class='ocr_carea' id='block_1_6' title="bbox 0 0 913 2956">
    <p class='ocr_par' dir='ltr' id='par_1_7' title="bbox 0 0 913 2956">
     <span class='ocr_line' id='line_1_29' title="bbox 0 0 913 2956; baseline 0 0"><span class='ocrx_word' id='word_1_182' title='bbox 0 0 913 2956; x_wconf 95' lang='lat' dir='ltr'> </span> 
     </span>
    </p>
   </div>
  </div>
 </body>
</html>
