1808 2956
394 187 479 227 CIRIS.

347 396 517 450 CIRIS.

103 522 157 570 Etsi
171 536 221 579 me,
236 521 307 571 varie
322 521 446 569 iactatum
459 521 542 569 laudis
556 536 643 569 amore

103 603 232 672 iuritnque
245 616 378 671 expertum
392 609 492 658 sellecis
507 610 621 671 praemia
634 609 713 670 vulgi,

104 698 245 762 Cecropius
258 713 347 748 suaves
362 697 482 759 expirans
496 698 613 745 hortulus
627 713 702 745 errius

102 788 216 835 florentis
229 786 302 833 viridi
317 785 423 848 sophiae
437 787 616 848 complectitur
629 786 720 834 umbra

69 881 83 924 5
104 891 151 924 nee
164 890 222 923 mea
235 875 291 937 quit
303 875 369 922 ratio
384 874 491 936 dignum
504 875 552 922 sihi
567 889 690 937 quaerere
704 889 816 933 carmen,

104 965 181 1025 longe
200 963 270 1012 eliud
290 962 403 1011 studium
416 970 493 1024 atque
506 964 571 1011 alios
586 979 652 1025 quae
665 963 781 1012 accincta
794 963 831 1012 la·

404 1051 478 1099 hores

103 1141 180 1189 altius
194 1141 226 1188 ed
239 1139 327 1200 magni
342 1140 458 1202 suspexit
471 1140 555 1187 sidera
570 1140 669 1199 mundi,

103 1238 128 1277 et
140 1230 263 1292 placitum
277 1228 367 1290 paucis
381 1243 444 1276 ausa
457 1236 495 1276 est
507 1229 645 1276 ascendere
659 1228 770 1286 collem;

103 1333 154 1364 non
168 1326 253 1366 tamen
269 1317 391 1365 absistam
404 1324 524 1379 coeptum
537 1317 655 1365 detexere
668 1330 770 1373 munus,

56 1412 83 1454 10
102 1407 129 1453 in
143 1421 194 1468 que
208 1408 262 1454 iure
275 1421 345 1454 meas
359 1406 458 1454 utinam
471 1406 630 1468 requiescere
643 1419 729 1453 musas

103 1500 128 1540 et
141 1494 229 1540 leviter
242 1494 366 1542 blandum
379 1495 456 1543 liceat
469 1495 597 1557 deponere
610 1508 716 1541 morem.

102 1583 115 1637 †
129 1581 197 1640 quod
211 1581 232 1628 si
245 1582 381 1629 mirificum
397 1617 525 1629 ........
542 1597 622 1643 genus
636 1596 725 1628 ornnes

103 1667 240 1714 mirificum
253 1669 330 1716 saecli
344 1671 422 1716 modo
436 1671 468 1716 sit
481 1670 526 1716 tihi
540 1671 606 1716 velle
619 1669 699 1716 libido
712 1672 725 1727 's

102 1756 124 1804 si
137 1769 178 1802 me
191 1755 242 1802 iem
256 1771 357 1804 summe
369 1757 496 1818 sapientia
509 1763 633 1818 pangeret
645 1771 712 1815 arce,

56 1852 79 1894 ie
100 1851 222 1908 quattuor
235 1845 347 1906 antiquis
361 1859 427 1906 quae
440 1844 576 1893 heredibus
590 1852 628 1893 est
641 1845 702 1892 data
713 1859 827 1904 consors,

101 1935 170 1982 unde
183 1933 318 1981 hominum
331 1947 429 1980 errores
442 1934 520 1994 longe
533 1934 636 1994 lateque
649 1947 695 1995 per
708 1933 796 1982 orbem

102 2024 232 2086 despicere
246 2028 323 2084 atque
336 2021 445 2070 humiles
458 2037 560 2083 possem
571 2030 734 2070 contemnere
744 2036 827 2080 curas,

101 2126 153 2160 non
167 2126 215 2173 ego
230 2118 253 2158 te
267 2112 344 2158 talem
357 2125 492 2158 venerarer
504 2125 609 2158 munere
623 2110 678 2169 tnli,

101 2215 153 2247 non
167 2201 296 2262 equidem,
312 2199 428 2261 quemvis
441 2199 570 2246 interdum
583 2200 671 2246 ludere
685 2199 759 2246 nobis

56 2294 81 2336 ΞΟ
101 2296 126 2336 et
138 2289 262 2349 gracilem
275 2288 348 2336 molli
362 2288 439 2335 liceat
451 2289 517 2351 pede
530 2288 649 2336 claudere
662 2303 778 2346 versum3

101 2377 146 2425 sed
160 2391 255 2438 magno
269 2377 395 2434 intexens,
411 2376 431 2424 si
446 2377 483 2424 sas
498 2383 536 2424 est
549 2377 641 2434 dicere,
657 2378 743 2438 peplo,

101 2466 184 2527 qualis
198 2466 348 2513 Erechtheis
362 2465 423 2512 olim
437 2472 554 2527 portatur·
567 2464 685 2522 Athenis,

100 2552 187 2602 debita
200 2569 258 2601 cum
272 2560 357 2603 castae
371 2556 504 2602 solvuntur
516 2561 575 2602 vote
588 2553 721 2600 Mineruae

95 2641 221 2702 tardaque
234 2643 356 2692 consecto
370 2645 485 2694 redeunt
499 2639 811 2709 quinquennxahustxm
