1808 2956
391 186 475 226 ornis.
768 179 826 226 551

101 343 170 391 hanc
182 358 229 406 pro
242 357 371 406 purpureo
385 357 496 404 poenam
509 345 633 393 scelerata
647 345 752 407 capillo,

103 448 150 495 pro
164 433 247 495 patria
260 434 369 491 solvens,
386 433 472 480 excisa
485 440 510 481 et
522 433 637 480 funditus
652 432 722 480 urbe.

103 522 248 584 complures
262 521 334 569 illam
347 528 372 569 et
385 521 482 582 magni,
498 521 629 578 Messalla,
645 528 737 582 poetae

56 615 82 658 55
104 609 178 671 (nam
190 624 277 657 verum
291 610 430 657 fateamur:
447 618 516 658 amat
528 609 699 671 Polyhymnia
712 608 811 672 verum)

104 699 183 760 longe
196 699 247 746 alia
261 698 396 760 perhibent
408 705 534 745 mutatam
549 697 663 745 membra
677 698 758 758 figura

104 785 252 848 Scyllaeum
265 793 379 834 monstro
393 802 484 834 saxum
497 787 618 833 infestare
631 786 716 833 voraci
727 802 732 844 ;

103 875 176 922 illam
190 889 245 922 esse
258 876 387 922 aerumnis
402 890 569 937 quamsaepe
586 875 702 935 legamus
717 873 796 930 Ulixi,

105 964 216 1011 candida
234 963 392 1011 succinctam
411 963 562 1011 latrantibus
580 962 689 1023 inguina
702 962 831 1019 monstris,

56 1058 85 1101 30
105 1052 239 1100 Dulichias
254 1067 359 1099 vexasse
373 1060 440 1099 rates
454 1059 479 1098 et
491 1051 593 1112 gurgite
606 1051 632 1097 in
646 1051 698 1098 alto

107 1141 244 1203 deprensos
259 1148 349 1188 nautas
364 1141 469 1188 canibus
483 1140 610 1188 lacerasse
623 1139 738 1186 marinis.

106 1230 150 1276 sed
164 1244 247 1290 neque
260 1229 396 1276 Maeoniae
411 1228 542 1291 patiuntur
555 1228 657 1275 credere
672 1228 775 1276 chartae

106 1332 153 1365 nec
166 1318 249 1364 malus
263 1319 370 1365 istorum
384 1317 467 1365 dubiis
481 1316 609 1364 erroribus
623 1323 720 1364 auctor.

106 1419 218 1466 namque
232 1407 296 1454 alias
311 1407 354 1453 alii
370 1407 447 1467 vulgo
461 1405 557 1453 finxere
571 1405 671 1467 puellas

56 1497 87 1539 55
108 1507 174 1552 quae
189 1491 384 1555 Colophoniaco
399 1494 501 1556 Scyllae
515 1494 634 1540 dicantur
648 1492 769 1541 Homero.

108 1579 163 1638 ipse
177 1577 297 1627 Crataein
312 1582 347 1628 ait
359 1591 481 1629 manem:
502 1582 547 1628 sed
561 1581 613 1628 sive
627 1579 743 1628 Crataeis

108 1665 160 1712 sive
173 1666 245 1714 illam
258 1668 347 1726 genuit
360 1677 503 1716 monstrum
511 1668 712 1729 graveEchidna
720 1668 835 1715 biformis

108 1753 159 1800 sive
173 1761 211 1800 est
223 1762 314 1801 neutra
326 1771 419 1816 parens
433 1764 509 1817 atque
522 1756 572 1803 hoe
585 1756 611 1801 in
626 1757 738 1804 carmine
752 1763 805 1803 toto

108 1842 221 1903 inguinis
235 1850 273 1889 est
285 1842 374 1889 vitium
388 1850 412 1890 et
424 1843 532 1891 Veneris
547 1844 674 1906 descripta
686 1844 776 1902 libido,

56 1937 88 1980 70
108 1931 160 1979 sive
173 1932 250 1979 etiam
263 1931 337 1979 iactis
351 1931 462 1992 speciem
475 1938 574 1978 mutata
586 1933 689 1979 venenis

107 2019 198 2068 infelix
211 2020 282 2081 virgo
296 2020 369 2081 (qnid
385 2020 453 2067 enim
466 2019 630 2067 commiserat
642 2020 706 2067 illa?

108 2109 161 2170 ipse
174 2115 246 2170 pater
259 2108 376 2155 timidam
389 2109 458 2155 sicca
472 2107 622 2169 complexus
636 2122 714 2155 arena

109 2198 259 2258 conringium
273 2211 347 2244 carae
361 2197 501 2244 violaverat
513 2195 699 2257 Amphitrites3

108 2293 220 2334 attamen
234 2286 320 2346 exegit
333 2286 412 2346 longo
425 2291 483 2347 post
495 2291 610 2345 tempore
624 2298 729 2345 poenas,

56 2378 88 2423 75
109 2381 144 2432 ut,
161 2390 219 2421 cnm
234 2390 295 2421 cura
307 2375 346 2420 sui
360 2374 492 2422 veheretur
507 2372 624 2433 coniugis
637 2372 700 2429 alto,

108 2462 165 2523 ipsa
178 2469 274 2510 trucem
287 2465 368 2510 multo
383 2464 501 2511 miseeret
514 2460 640 2521 sanguine
652 2459 781 2522 pontum),

108 2565 153 2596 seu
166 2565 234 2609 vero,
250 2558 278 2597 ut
291 2551 433 2612 perhibent,
455 2551 537 2598 forma
551 2565 610 2597 cum
622 2549 739 2596 vinceret
747 2562 845 2592 omues

103 2644 129 2681 et
140 2638 249 2698 cupidos
263 2649 374 2701 quaestu
389 2642 493 2706 passim
504 2640 657 2706 popularet
666 2639 810 2685 amantes,
