1808 2956
303 196 450 236 nuuarnos
472 198 557 236 malni
573 200 614 238 rx.
793 193 856 261 403

131 352 284 414 pendentem
298 360 323 400 et
336 367 431 414 magna
445 354 510 400 muri
524 369 582 401 eum
595 362 666 416 parte
680 357 786 415 revellit,

56 446 110 488 560
130 441 214 502 qualis
245 441 289 488 ubi
321 449 365 488 aut
390 442 504 503 leporem
534 450 578 489 aut
603 445 723 492 candenti
749 460 859 508 corpore

431 545 540 590 cycnum

130 619 233 665 sustulit
245 618 299 665 alta
312 625 401 680 petens
414 618 521 679 pedibus
535 618 602 666 Iovis
616 620 727 681 armiger
739 621 821 679 uncis,

131 707 275 768 quaesitum
289 712 333 752 aut
346 705 420 752 matri
434 706 521 753 multis
535 706 665 755 balatibus
679 723 776 769 agnum

130 795 237 841 Martius
251 810 266 841 a
278 794 385 841 stabulis
399 794 484 856 rapuit
497 795 581 857 lupus.
609 797 723 858 undique
738 798 837 845 clamor

130 884 244 930 tollitur:
266 883 391 929 invadunt
404 890 428 930 et
442 883 524 930 fossas
539 898 632 944 aggere
647 887 785 947 conplent3

58 977 110 1019 565
131 972 243 1018 ardentis
257 972 345 1019 taedas
360 971 403 1018 alii
417 973 450 1018 ad
464 971 567 1032 fastigia
580 972 685 1019 iactant.

131 1060 244 1106 Ilioneus
257 1074 320 1106 saxo
335 1062 411 1120 atque
424 1059 521 1120 ingenti
535 1059 662 1120 fragmine
675 1060 769 1108 montis

94 1206 97 1213 Ι
131 1146 274 1204 Lucetium,
290 1155 379 1208 portae
392 1148 544 1196 subeuntem
557 1149 676 1211 ignisque
689 1149 821 1208 serentem,

130 1235 286 1282 Emathiona
299 1235 385 1297 Liger,
402 1235 566 1297 Corynaeum
578 1237 670 1285 sternit
682 1238 778 1296 Asilas,

130 1323 171 1370 hie
185 1324 270 1370 iaculo
284 1323 375 1382 bonus,
391 1324 433 1372 hic
447 1326 524 1386 longe
538 1325 643 1373 fallente
656 1326 760 1386 sagitta,

58 1418 110 1461 5i0
131 1411 267 1474 Ortygium
282 1411 408 1470 Caeneus,
424 1413 546 1460 victorem
561 1412 665 1462 Caenea
678 1413 790 1471 Turnus,

129 1501 230 1547 Turnus
248 1501 314 1561 Itym
329 1499 503 1562 Cloniumque
520 1501 683 1563 Dioxippum
697 1501 859 1548 Promolum-

431 1602 480 1649 que

130 1682 154 1722 et
168 1674 287 1733 Sagarim
301 1683 325 1722 et
337 1676 442 1721 summis
456 1681 564 1722 stantem
579 1689 625 1735 pro
640 1675 751 1722 turribus
765 1675 838 1734 Idan,

130 1762 279 1808 Privernum
300 1761 393 1823 Capys.
426 1762 495 1809 huno
514 1762 597 1823 primo
617 1762 678 1809 levis
698 1761 773 1809 hasta
791 1763 859 1811 The-

431 1850 520 1898 millae

130 1939 281 1986 strinxerat:
297 1939 341 1986 ille
354 1953 460 1985 manum
474 1938 587 2000 proiecto
601 1937 713 1998 tegmine
727 1938 830 1986 demens

59 2034 109 2077 575
130 2028 162 2074 ad
178 2028 267 2074 volnus
281 2029 354 2085 tulit;
376 2041 437 2088 ergo
451 2027 498 2074 alis
513 2026 621 2088 adlapsa
633 2026 728 2087 sagitta

130 2125 155 2163 et
167 2117 240 2164 laevo
254 2117 334 2163 inlixa
347 2123 385 2162 est
398 2115 471 2162 lateri
485 2129 577 2162 manus
591 2114 729 2176 abditaque
742 2115 810 2162 intus

129 2206 286 2265 spiramenta
299 2205 401 2252 animae
414 2204 485 2251 letali
499 2204 604 2250 volnere
617 2203 694 2264 rupit.

130 2294 215 2339 stabat
227 2294 252 2340 in
267 2293 377 2354 egregiis
391 2291 510 2340 Arcentis
523 2291 591 2338 filius
605 2291 692 2349 armis,

130 2382 212 2443 pietus
227 2397 274 2429 acu
289 2381 451 2442 chlamydem
469 2386 494 2427 et
511 2379 640 2440 ferrugine
653 2380 737 2426 clarus
750 2378 856 2436 Hibera,

60 2476 110 2518 580
131 2470 238 2529 insignis
252 2470 326 2528 faeie,
343 2469 444 2530 genitor
458 2481 534 2530 quem
547 2467 652 2515 miserat
664 2467 772 2524 Arcens,

131 2559 250 2604 eductum
263 2557 353 2605 Matris
367 2558 425 2604 luco
441 2555 589 2618 Symaethia
602 2555 701 2603 eireum

128 2647 241 2703 humina,
259 2646 364 2708 pinguis
378 2645 424 2695 uhi
439 2654 465 2696 et
476 2644 624 2712 placabilis
638 2635 827 2762 aragffxfixss'·

671 2720 688 2750 ἢ
