1808 2956
65 168 121 213 172
301 178 326 215 P.
344 177 465 215 YERGILI
486 175 617 215 nanetus

62 337 111 380 325
131 333 288 380 Dardaniae.
316 333 411 380 suimus
424 333 513 392 Troes,
530 333 577 379 suit
591 333 666 380 Ilium
681 342 704 379 et
717 334 808 393 ingens

131 422 215 483 gloria
228 423 403 480 Teucrorum
423 423 489 469 fotus
506 423 592 468 omnia
606 422 720 484 luppiter
734 425 779 481 Arg
792 438 819 468 os

131 511 277 569 transtulit;
297 511 402 558 incensa
415 510 501 556 Danai
515 510 680 557 dominantur
694 510 718 556 iu
734 509 804 556 urhe.

132 600 225 646 arduos
240 607 351 646 armatos
365 600 456 646 inediis
470 600 495 646 in
510 599 643 646 nmenibus
657 600 761 645 adstans

131 688 216 735 fundit
229 703 288 736 ecus
302 689 433 750 victorque
448 687 527 735 Sinon
542 688 663 735 incendia
676 688 766 735 miseet

61 781 112 824 330
131 777 269 824 insultans.
296 778 377 839 portis
392 777 435 824 alii
449 776 623 839 bipatentibus
638 777 739 834 adsunt,

131 866 204 912 milia
218 874 281 927 quot
293 866 393 927 magnis
407 881 530 928 umquam
544 880 635 912 venere
648 865 762 926 Mycenis
774 881 779 921 ;

132 953 255 1001 obsedere
269 954 312 1001 alii
326 955 384 1001 telis
399 961 508 1014 angusta
521 953 619 1000 vianna

132 1043 259 1104 oppositi3
280 1043 401 1089 stationi
416 1043 483 1090 acies
497 1056 619 1088 muerone
634 1056 740 1089 corusco

131 1131 228 1188 stricta,
244 1138 335 1192 paratu
348 1130 420 1188 neei3
441 1131 483 1176 vix
496 1131 571 1192 primi
586 1131 684 1192 proelia
698 1136 823 1192 temptant

61 1223 111 1266 335
132 1227 264 1281 portarum
277 1219 367 1279 vigiles
381 1226 405 1265 et
419 1234 495 1266 eueeo
510 1221 592 1266 Marte
606 1211 746 1266 resistunt'

131 1308 225 1355 talibus
240 1306 387 1369 Othryadae
402 1308 475 1354 dietis
489 1315 514 1355 et
526 1309 631 1355 numine
645 1308 731 1354 divom

130 1396 156 1443 in
170 1397 286 1445 flammas
300 1404 325 1444 et
337 1397 364 1444 in
378 1412 449 1444 arma
462 1397 538 1454 seror,
555 1411 605 1458 quo
620 1397 697 1443 tristis
711 1397 811 1458 Erinys,

131 1501 182 1547 quo
196 1486 310 1533 fremitus
324 1494 399 1533 vocat
412 1493 436 1533 et
449 1485 564 1533 sublatus
579 1485 610 1532 ad
629 1485 732 1533 aethera
750 1487 856 1535 elamor.

130 1574 229 1622 addunt
241 1590 268 1622 so
281 1575 365 1622 socios
379 1575 493 1636 Rhipeus
508 1581 532 1621 et
545 1574 672 1620 maximus
687 1574 764 1620 armis

60 1668 109 1710 340
129 1663 235 1726 Epytus,
252 1665 331 1711 oblati
346 1679 391 1726 per
404 1664 501 1719 lunam,
518 1663 685 1724 Hypanisque
698 1663 855 1724 Dymasque,

129 1760 154 1800 et
167 1753 240 1800 lateri
255 1754 435 1814 adglomerant
447 1757 545 1809 nostro,
561 1752 711 1813 iuvenisque
726 1751 858 1799 Coroebus

128 1841 314 1903 Mygdonides:
335 1842 386 1889 illis
401 1841 433 1887 ad
447 1840 553 1887 Troiam
566 1840 631 1886 sorte
646 1840 734 1887 diebus

129 1938 241 1989 venerat,
256 1931 349 1977 insano
364 1929 525 1977 Cassandrae
538 1929 658 1975 incensus
674 1944 768 1987 amore,

128 2025 153 2066 et
165 2033 244 2080 gener
258 2019 383 2067 auxilium
396 2018 500 2066 Priamo
514 2017 709 2079 thgilmsque
723 2018 827 2075 ferebat,

58 2113 108 2156 345
128 2108 227 2166 infelix,
244 2108 353 2170 quinon
368 2121 479 2169 sponsae
494 2113 631 2170 praerepta
644 2106 751 2154 furentis

128 2197 246 2244 audierit.

128 2301 192 2348 quos
205 2285 248 2332 ubi
263 2284 391 2333 cernentes
406 2285 499 2332 audere
513 2284 539 2330 in
553 2284 652 2346 proelia
665 2285 725 2343 ridi,

127 2375 223 2436 ineipio
237 2388 313 2435 snper
327 2372 366 2419 his
378 2361 500 2432 iuvenes,
517 2373 656 2420 fortissima
669 2374 763 2421 frustra

127 2472 240 2527 pectora,
257 2462 278 2510 si
291 2461 364 2509 vobis
378 2463 515 2510 audentem
529 2470 643 2510 extrema
657 2464 750 2525 eupido

47 2557 103 2593 350
121 2559 191 2597 certa
204 2552 288 2612 sequi,
307 2567 373 2614 qnae
386 2552 420 2599 sit
433 2551 507 2599 rebus
521 2552 624 2598 fortuna
637 2553 736 2599 videtis.

100 2647 241 2684 arcessere
256 2655 352 2690 ornnes
369 2643 459 2707 adytis
473 2643 581 2706 arisque
594 2640 695 2690 reiietis
