1808 2956
58 186 73 232 2
82 186 96 233 6
105 186 120 230 4
298 196 324 233 Ρ.
341 193 462 232 VERGILI
480 193 611 233 MARONIS

129 353 228 399 exultat
240 352 330 410 fidens,
346 351 367 398 si
380 365 449 398 nunc
462 350 528 399 foret
540 351 588 399 illa
599 351 727 410 iuventas,

128 439 197 487 haud
211 440 331 502 equidem
344 439 425 502 pretio
439 439 559 486 inductus
573 439 737 502 pulchroque
752 442 855 490 iuvenco

58 533 109 576 400
128 528 268 577 venissem:
290 542 336 575 uec
350 527 419 574 dona
432 519 538 575 moror.'
563 528 600 576 sie
614 528 708 577 deindo
721 530 826 579 loeutus

129 617 156 664 in
169 617 282 664 medium
294 617 412 677 geminos
426 616 523 663 inmuni
537 617 650 678 pondere
664 627 770 667 caestus

129 705 245 768 proiecit,
261 705 353 767 quibus
367 719 426 752 acer
438 705 507 766 Eryx
520 705 546 751 in
559 706 659 767 proelia
672 714 764 755 suetus

129 795 194 842 ferre
207 808 312 841 manum
325 794 441 854 duroque
455 793 587 840 intendere
599 792 724 843 bracchia
741 804 825 858 tergo.

131 882 276 945 obstipuere
289 882 383 930 animi:
406 889 536 929 tantorum
549 882 666 942 ingentia
678 891 781 945 septem

60 976 110 1019 405
130 979 202 1032 terga
215 971 294 1018 bourn
306 970 414 1032 plumbo
427 971 513 1017 insuto
527 971 646 1032 ferroque
659 971 791 1032 rigebant.

131 1067 190 1107 ante
203 1060 286 1106 omnis
299 1065 384 1120 stupet
396 1059 450 1120 ipsc
462 1046 545 1106 Dares
559 1059 689 1120 longeque
703 1070 817 1120 recusat,

130 1147 363 1208 magnanimusque
376 1147 547 1195 Anchisiades
560 1155 585 1196 et
598 1149 699 1209 pondus
714 1155 739 1197 et
752 1150 813 1212 ipsa

130 1236 181 1283 hue
194 1235 257 1283 illuc
270 1235 413 1282 vinclorum
426 1236 544 1283 inmensa
556 1236 690 1284 volumina
701 1246 798 1286 versat.

131 1330 183 1371 tum
198 1324 284 1371 senior
297 1325 355 1371 talis
369 1324 495 1373 rescrebat
508 1331 610 1386 pectore
623 1339 708 1372 voees.

61 1418 112 1461 410
127 1402 201 1475 ‘quid
214 1413 294 1474 siquis
307 1420 406 1461 caestus
420 1413 499 1475 ipsius
513 1421 537 1461 et
550 1412 668 1461 Herculis
682 1428 757 1462 arma

131 1501 234 1549 vidisset
247 1501 395 1562 tristemque
408 1501 457 1549 hoe
471 1502 527 1563 ipso
541 1502 567 1548 in
580 1502 655 1550 litore
668 1505 805 1564 pugnam?

131 1590 195 1638 haee
207 1605 344 1652 germanus
357 1589 426 1650 Eryx
439 1591 571 1651 quondam
589 1596 647 1638 tuos
665 1606 739 1638 arma
755 1594 863 1652 gerebat

132 1679 269 1741 (sanguine
283 1679 365 1727 cernis
377 1679 462 1727 adhue
473 1694 616 1741 sparsoque
627 1679 723 1727 infecta
731 1682 860 1745 cerebro),

133 1767 171 1815 his
184 1783 308 1829 magnum
320 1767 431 1815 Alciden
446 1775 534 1816 contra
547 1768 630 1825 stetit;
644 1766 685 1815 his
699 1783 748 1829 ego
763 1780 861 1829 suetus,

62 1861 111 1903 415
132 1857 194 1903 duni
206 1857 298 1905 melior
312 1857 370 1904 viris
384 1857 489 1917 sanguis
503 1855 589 1914 dabat,
606 1856 710 1904 aemula
723 1859 838 1908 necdum

132 1946 289 2007 temporibus
302 1945 412 2006 geminis
426 1945 534 1993 canebat
547 1958 637 2006 sparsa
650 1952 778 1992 senectus.

131 2034 175 2081 sed
189 2034 210 2081 si
224 2040 312 2081 nostra
324 2033 406 2082 Dares
420 2032 484 2080 haee
496 2032 589 2080 Troius
602 2047 675 2080 arma
688 2042 802 2093 recusat,

131 2122 210 2184 idque
223 2123 266 2185 pio
279 2123 351 2171 sedet
363 2123 476 2180 Aeneae,
491 2120 584 2183 probat
597 2129 687 2169 auctor
699 2122 819 2184 Acestes,

132 2225 271 2273 aequemus
285 2225 395 2274 pugnas.
421 2210 510 2273 Erycis
524 2210 569 2257 tibi
584 2217 656 2271 terga
669 2212 773 2259 remitto

61 2305 112 2348 420
132 2299 214 2361 (solve
227 2300 321 2362 metus)
335 2307 360 2348 et
372 2307 398 2346 tu
412 2299 540 2346 Troianos
554 2313 619 2346 exue
634 2292 755 2347 caestus’

131 2388 195 2437 haee
208 2389 274 2438 fatus
289 2389 418 2451 duplicent
431 2402 463 2436 ex
477 2388 570 2435 umeris
584 2388 672 2435 reiecit
686 2389 820 2450 amictum,

132 2484 157 2525 et
169 2493 277 2540 magnos
290 2476 465 2526 membrorum
482 2483 566 2535 artus,
587 2491 683 2538 magna
702 2492 762 2527 ossa
781 2481 865 2529 lacer·

432 2573 524 2627 tosque

115 2656 193 2706 exuit
203 2664 285 2723 atque
299 2656 398 2722 iugens
412 2655 504 2706 media
517 2651 763 2702 consistituareua.
