1808 2956
72 187 133 236 466
311 193 337 231 r.
354 189 474 229 vmnorm
495 186 632 227 marolus

142 350 226 413 gloria
239 349 353 397 delectos
365 345 441 393 Latio
455 351 480 392 et
492 343 671 391 Laurentibus
687 345 772 407 agris.

143 445 181 487 est
194 445 219 486 et
231 437 386 485 Volscorum
399 433 503 495 egregia
516 432 549 480 de
561 439 642 493 gente
656 431 791 492 Camilla,

143 539 236 588 agmen
250 538 328 586 agens
341 523 456 585 equitum
469 527 494 569 et
506 520 624 568 florentis
638 535 702 569 aere
717 529 844 570 catervas.

144 614 213 676 quod
227 613 248 659 si
260 626 302 660 me
315 612 401 659 solum
413 609 506 657 Teucri
520 609 547 656 iu
561 609 713 658 certamina
725 616 840 673 poscunt

72 707 124 751 435
144 703 223 765 idque
235 701 321 763 placet
339 706 489 760 tantumque
502 697 578 744 bonis
593 698 788 747 communibus
802 699 869 746 obsto.

143 804 197 838 non
210 790 275 837 adeo
288 788 335 835 hes
348 801 428 835 exosa
439 800 530 833 manus
544 785 664 833 Victoria
678 786 752 848 fugit

145 885 174 925 ut
186 884 258 925 tanta
270 877 410 939 quicquam
422 887 469 937 pro
481 889 526 936 spe
540 880 666 936 temptare
680 888 815 923 recusem.

145 967 189 1013 ibo
203 964 295 1014 animis
308 971 407 1021 contra,
422 963 461 1009 vel
473 976 598 1024 magnum
610 969 732 1024 praestet
746 964 861 1012 Achillen

146 1053 266 1115 lacteque
278 1051 390 1098 Volcani
402 1049 521 1098 manibus
534 1050 608 1112 peria
621 1050 720 1100 induat
734 1067 812 1101 arma

74 1148 126 1191 440
145 1143 190 1190 illc
203 1141 271 1189 licet.
298 1139 370 1187 vobis
384 1139 496 1185 animam
510 1137 577 1185 hanc
590 1152 742 1202 soceroque
754 1140 849 1190 Latino

145 1229 248 1277 Turnus
262 1241 319 1289 ego,
335 1227 403 1275 haud
417 1227 463 1274 ulli
477 1232 591 1273 vetemm
603 1225 701 1275 virtute
715 1229 853 1283 secundus,

146 1317 244 1366 devovi.
272 1317 357 1364 solum
369 1316 471 1363 Aeneas
483 1320 567 1362 vocat.
596 1319 620 1361 et
633 1323 713 1363 vocet
726 1331 786 1376 oro,

146 1421 194 1454 nec
206 1405 322 1454 Drances
335 1403 429 1467 potius,
444 1403 496 1451 sive
510 1408 549 1450 est
560 1400 624 1450 haec
637 1402 678 1451 ira
693 1404 818 1464 deornm,

146 1501 228 1543 morte
241 1494 304 1551 luat,
320 1493 372 1541 sive
384 1498 423 1540 est
434 1491 513 1538 virtus
527 1497 552 1538 et
564 1489 659 1551 gloria,
676 1486 780 1542 tollet?

76 1587 127 1632 445
182 1582 224 1631 Illi
237 1582 301 1629 haec
313 1580 380 1628 inter
392 1594 419 1627 se
432 1578 516 1626 dubiis
530 1577 561 1625 de
574 1576 651 1625 rebus
666 1580 789 1640 agebunt

147 1676 288 1719 certantes:
310 1675 394 1718 castra
406 1669 508 1715 Aeneas
527 1665 662 1727 aciemque
675 1671 814 1720 movebat.

147 1759 252 1806 nuntius
266 1757 363 1818 ingenti
376 1771 422 1818 per
434 1755 506 1816 regia
518 1759 586 1802 tecte
599 1756 715 1803 tumultu

146 1861 206 1895 ecce
219 1846 271 1893 ruit
282 1845 435 1906 magnisque
448 1842 538 1890 urbem
551 1841 693 1891 terroribus
707 1845 806 1909 inplet,

145 1934 284 1982 instructos
299 1933 353 1981 acie
366 1931 489 1980 Tiberino
504 1947 519 1978 a
530 1929 635 1978 flumine
649 1931 771 1984 Teucros

76 2028 127 2070 450
147 2021 358 2084 Tyrrhenamque
371 2034 476 2067 manum
489 2019 549 2067 totis
564 2019 723 2070 descendere
739 2025 847 2088 campis.

147 2110 276 2172 extemplo
290 2108 384 2156 turbati
399 2109 478 2156 animi
492 2120 669 2171 concussaque
683 2111 758 2169 vomi

147 2205 252 2261 pectora
265 2203 290 2245 et
302 2203 417 2245 arrectae
429 2198 538 2245 stimulis
551 2197 620 2245 haud
635 2197 766 2248 mollibus
779 2203 843 2251 irae.

149 2301 220 2335 arma
233 2300 313 2335 manu
325 2286 419 2348 trepidi
432 2294 550 2349 poscunt,
566 2284 650 2332 fremit
664 2300 739 2335 arma
754 2290 876 2339 inventus.

149 2374 307 2424 flentmaesti
315 2381 483 2437 mussantque
493 2381 585 2437 patres.
602 2372 644 2420 lric
654 2374 778 2438 undique
789 2380 879 2428 clamor

78 2469 130 2512 455
151 2464 267 2511 dissensu
279 2463 350 2510 vario
363 2477 472 2524 maguus
486 2476 512 2509 se
525 2461 593 2508 tollit
606 2460 637 2507 ad
651 2475 742 2522 suras,

149 2552 218 2603 haud
232 2565 305 2600 secus
319 2558 396 2614 atque
409 2551 463 2598 alto
476 2550 502 2596 in
515 2548 574 2596 luco
588 2563 647 2595 cum
660 2547 727 2599 sorte
743 2563 865 2604 catervae

140 2644 287 2696 consedere
302 2643 392 2694 arrium
404 2640 543 2706 piscosove
555 2648 633 2682 amne
639 2635 768 2683 neumae
