1808 2956
240 192 387 232 naumuos
406 195 493 232 uranu
511 195 561 233 vu.
738 185 800 233 329

73 349 124 397 hoe
137 349 233 397 Priami
246 356 378 411 gestamen
392 357 455 409 erat,
471 365 529 398 eum
542 350 600 397 iura
612 351 708 398 voeatis

72 452 144 486 more
157 438 230 486 daret
242 438 353 500 populis,
368 446 549 501 sceptrumque
561 452 684 500 sacerque
697 439 777 487 tiaras

72 527 238 587 Iliadumque
251 525 325 574 labor
337 518 437 575 vestes'

107 613 216 662 Talibus
228 614 321 662 Ilionei
340 615 415 662 dietis
434 615 520 662 defixa
532 614 640 662 Latinus

28 709 51 750 lo
72 708 164 764 optutu
178 709 248 750 tenet
260 717 306 750 ora
318 704 427 765 soloque
439 703 570 751 inmobilis
584 703 681 763 haeret,

72 791 184 838 intentos
198 791 301 838 volvens
314 792 412 839 oeulos.
440 807 488 840 nee
500 806 614 854 purpura
626 806 713 853 regem

72 878 142 940 pieta
154 886 239 927 movet
251 893 299 927 uec
312 886 412 941 sceptra
425 886 528 927 movent
540 879 669 927 Priameia
681 886 784 926 tantum

73 967 237 1028 quantumin
251 967 363 1015 conubio
377 976 452 1015 natae
466 968 633 1029 thalamoque
646 975 769 1015 moratur.

73 1060 98 1101 et
110 1054 200 1101 veteris
213 1055 295 1102 Fauni
309 1056 387 1103 volvit
398 1055 446 1102 sub
459 1062 563 1118 pectore
575 1064 679 1114 sortem,

28 1148 51 1189 55
73 1141 142 1190 hune
154 1142 228 1190 illum
242 1142 301 1190 fatis
314 1151 421 1191 externe
433 1144 465 1191 ab
478 1144 538 1193 sede
551 1142 695 1206 profectum

73 1230 192 1292 portendi
205 1245 328 1292 generum
341 1231 497 1293 paribusque
510 1233 537 1279 in
551 1246 632 1293 regua
644 1231 730 1279 vocari

73 1317 204 1380 auspiciis,
220 1318 281 1366 huie
293 1319 443 1380 progeniem
456 1320 548 1368 uirtute
561 1320 673 1368 futuram

74 1406 205 1467 egregiam
219 1412 243 1453 et
256 1412 337 1453 totum
351 1421 418 1468 quae
430 1407 525 1454 viribus
539 1415 647 1470 occupet
660 1407 757 1455 orbem.

74 1493 177 1540 tandem
191 1494 272 1542 laetus
286 1484 368 1543 ait‘di
382 1501 469 1541 nostra
482 1496 584 1557 incepta
596 1495 738 1542 secundent

28 1586 54 1629 50
75 1581 264 1645 auguriumque
276 1597 360 1630 suurn.
388 1583 503 1641 dabitur,
523 1582 650 1642 Troiane,
672 1583 741 1644 quod
756 1596 803 1644 op-

377 1678 424 1718 las.

73 1772 181 1806 munera
193 1773 241 1806 nee
254 1773 356 1821 sperno.
384 1774 436 1806 non
450 1758 531 1817 vobis,
547 1772 607 1819 rege
620 1758 723 1817 Latino,

74 1847 159 1895 divitis
173 1847 236 1895 uber
249 1847 304 1909 agri
318 1848 443 1895 Troiaeve
456 1847 589 1909 opulentia
602 1847 676 1895 derit.

74 1937 129 1999 ipse
142 1936 221 1984 modo
234 1937 345 1993 Aeneas,
361 1937 440 1983 nostri
454 1936 475 1983 si
489 1943 561 1983 tauta
574 1936 701 1998 cupidost,

74 2025 96 2072 si
109 2025 182 2086 iungi
196 2024 309 2086 hospitio
323 2032 444 2087 properat
455 2025 592 2086 sociusque
605 2024 700 2082 vocari,

28 2118 54 2162 55
75 2113 204 2171 adveniet,
219 2113 303 2160 voltus
316 2126 378 2160 nere
392 2113 557 2160 exhorrescat
569 2112 675 2160 amieos.

74 2215 134 2263 pars
148 2201 211 2249 mihi
225 2200 295 2263 pacis
308 2200 357 2248 erit
369 2200 483 2248 dextram
498 2200 611 2261 tetigisse
624 2199 735 2261 tyranni.

75 2304 120 2337 vos
134 2298 224 2338 eontra
237 2288 291 2350 regi
304 2303 363 2336 mea
375 2302 445 2337 nune
457 2289 580 2335 mandata
591 2287 692 2335 referte.

75 2383 114 2425 est
125 2377 189 2424 mihi
203 2385 272 2435 ueta,
288 2377 342 2424 viro
355 2377 439 2438 gentis
453 2391 531 2438 quam
543 2376 651 2436 iungere
664 2383 767 2423 nostrae

76 2479 128 2512 nou
141 2466 226 2527 patrio
240 2479 272 2514 ex
286 2465 363 2526 adyto
378 2471 468 2523 sortes,
484 2479 537 2511 uon
550 2464 662 2526 plurima
676 2464 748 2511 eaelo

28 2559 56 2603 lo
75 2559 192 2600 monstra
210 2553 321 2612 sinuntp
332 2568 442 2615 generos
456 2553 569 2601 externis
587 2551 681 2598 adiere
696 2551 732 2596 als
744 2551 815 2603 orus,

71 2640 124 2686 doe
134 2639 211 2688 Latio
223 2649 322 2691 restare
336 2652 449 2706 canunt,
465 2643 517 2709 qui
528 2641 670 2703 sanquine
678 2639 814 2682 nomm
