1808 2956
62 145 124 192 ⁶230
303 154 329 192 r.
347 154 468 192 vunnim
488 153 619 193 annolus

60 316 112 359 245
132 312 178 359 illa
190 309 270 358 fretus
283 311 337 372 ugit
349 318 438 359 ventos
451 317 476 358 et
487 309 590 357 turbida
603 317 688 357 tranat

132 400 238 458 nubila;
262 400 366 462 iamque
390 400 480 447 volans
505 399 605 461 apicem
629 406 654 446 et
677 399 760 448 latera
786 402 866 450 ardua

433 487 515 535 cernit

132 577 245 628 Atlantia
258 577 325 634 duri,
341 577 442 625 caelum
455 576 500 638 qui
513 576 606 624 vertice
619 575 700 633 fulcit,

131 666 255 725 Atlantia,
271 666 384 714 cinctum
397 666 504 713 adsidue
518 665 560 713 cui
574 664 684 712 nubibus
699 667 762 713 atris

131 754 270 817 piniferum
283 761 361 816 caput
374 761 399 802 ct
411 761 486 802 vento
500 754 617 816 pulsatur
630 761 655 800 et
667 753 753 812 imbri,

60 848 112 891 250
131 844 177 890 nix
189 857 293 891 umeros
305 842 392 889 infusa
404 843 475 904 tegit,
491 850 546 890 tum
559 843 667 891 flumina
678 851 768 891 mento

131 932 303 995 praecipitant
315 931 383 979 senis
397 939 423 979 et
433 932 517 993 glacie
530 932 597 994 riget
609 932 715 979 horrida
728 932 822 980 barba.

131 1021 173 1069 hic
186 1021 298 1083 primum
310 1020 416 1082 paribus
429 1021 513 1068 nitens
527 1019 661 1082 Cyllenius
676 1021 723 1068 alis

132 1109 261 1158 constitit:
282 1107 343 1156 hinc
360 1115 414 1156 toto
432 1124 553 1172 praeceps
571 1123 598 1157 se
612 1123 719 1171 corpore
733 1109 766 1156 ad
781 1112 865 1158 undas

131 1198 209 1256 misit,
226 1197 265 1244 avi
279 1197 370 1244 similis
384 1212 451 1259 quae
465 1198 561 1246 circum
575 1198 660 1255 litora,
677 1198 775 1245 circum

55 1292 111 1335 '255
131 1286 246 1349 piscosos
260 1287 381 1349 scopulos
394 1285 499 1335 humilis
512 1288 583 1335 volat
595 1301 710 1349 aequora
722 1286 805 1334 iuxta.

132 1375 201 1423 haud
216 1375 290 1423 aliter
303 1382 382 1423 terras
395 1376 462 1424 inter
475 1377 627 1437 caelumque
639 1375 744 1423 volabat

132 1463 192 1511 litus
205 1464 362 1512 harenosum
376 1465 408 1512 ad
421 1464 520 1526 Libyae
532 1471 673 1526 ventosque
686 1463 793 1512 secabat

132 1561 249 1602 materno
262 1553 366 1601 veniens
380 1553 411 1600 ab
425 1568 473 1602 arvo
488 1551 608 1614 Cyllenia
620 1553 716 1614 proles.

132 1649 160 1688 nt
173 1643 284 1705 primum
298 1642 373 1690 alatis
387 1642 471 1703 tetigit
484 1641 598 1702 magalia
610 1641 716 1704 plantis,

61 1735 113 1778 260
131 1732 240 1779 Aenean
253 1731 404 1779 fundantem
418 1745 489 1778 arcos
503 1745 533 1778 ac
546 1736 614 1777 tecta
626 1738 765 1777 novantem

133 1820 267 1882 conspicit.
296 1827 372 1882 atque
385 1819 423 1867 illi
438 1820 554 1867 stellatus
567 1818 666 1880 iaspide
679 1817 750 1864 fulva

133 1909 200 1956 ensis
215 1915 269 1956 erat
281 1909 412 1971 Tyrioque
425 1907 533 1956 ardebat
545 1907 642 1954 murice
656 1907 732 1954 laena

134 1997 244 2044 demissa
257 2012 289 2044 ex
302 1997 405 2054 umeris,
422 1997 490 2044 dives
504 2010 571 2058 quae
583 2010 691 2043 munera
703 1995 775 2042 Dido

133 2086 229 2133 fecerat
242 2091 267 2132 et
280 2085 349 2133 tenui
364 2086 428 2133 telas
442 2086 597 2132 discreverat
609 2098 681 2130 auro.

61 2179 112 2222 265
134 2173 257 2222 continuo
270 2174 383 2221 invadit:
402 2164 439 2221 ‘tu
453 2188 522 2220 nunc
534 2172 703 2233 Karthaginis
717 2173 787 2220 altae

133 2263 302 2310 fundamenta
314 2263 385 2310 locas
398 2263 587 2324 pulchramque
601 2261 706 2307 uxorius
719 2260 812 2310 urbem

134 2352 230 2399 extruis
242 2351 293 2398 heu
307 2350 379 2411 regni
392 2364 529 2412 rerumque
543 2350 622 2398 oblite
635 2349 756 2396 tuarum?

135 2441 189 2503 ipse
202 2441 279 2487 deum
292 2438 337 2486 tibi
352 2453 392 2503 me
405 2439 476 2487 claro
490 2438 600 2486 demittit
614 2436 726 2499 Olympo

134 2534 264 2590 regnator,
280 2527 380 2574 caelum
394 2535 419 2574 et
432 2534 511 2574 terras
526 2527 569 2588 qui
584 2527 689 2573 numine
702 2533 816 2588 torquet,

44 2621 105 2664 270
121 2617 181 2678 ipse
193 2617 262 2666 haec
275 2617 344 2668 serre
357 2617 432 2666 iubet
445 2617 538 2667 celeria
550 2615 681 2663 manuam
688 2627 737 2673 per
749 2626 843 2658 aurun.
