1808 2956
313 178 461 217 AENfflDOS
480 177 568 216 LIBER
584 141 604 216 l.

166 335 298 399 Opstipuit
311 336 394 398 primo
408 342 513 397 aspectu
527 332 636 381 Sidonia
647 333 726 392 Dido,

128 440 192 473 casu
206 424 298 472 deinde
312 423 357 470 viri
371 432 453 481 tanto,
469 430 494 470 et
506 423 543 470 sic
556 436 601 469 ore
614 422 733 470 locutast.

10 516 12 545 ῑ
57 521 106 562 615
125 505 195 576 ‘quis
209 521 242 572 te,
258 522 318 560 nate
332 513 388 571 dea,
405 527 450 575 per
463 519 535 559 tanta
548 511 664 573 pericula
678 525 752 558 casus

128 600 290 663 insequitur?
310 616 376 663 quae
389 602 426 648 vis
439 600 586 647 inmanibus
600 600 714 661 adplicat
727 599 797 648 oris?

130 699 191 738 tune
204 690 248 738 ille
261 693 365 738 Aeneas
379 705 456 752 quem
468 689 603 736 Dardanio
617 689 748 736 Anchisae

129 779 199 827 alma
211 779 299 826 Venus
313 778 418 840 Phrygii
435 779 526 839 genuit
538 777 677 825 Simoentis
696 777 728 825 ad
747 777 858 826 undum?

130 875 207 929 atque
220 868 340 929 equidem
353 867 482 914 Teucrum
495 867 600 914 memini
614 865 714 914 Sidona
726 865 812 915 venire

58 962 110 1005 620
132 956 226 1003 tinibus
240 957 374 1018 expulsum
389 955 487 1017 patriis,
503 970 570 1002 nova
583 970 664 1016 regna
676 962 805 1017 petentem

131 1045 230 1093 auxilio
243 1045 315 1093 Beli:
336 1045 438 1105 genitor
452 1052 506 1090 tum
519 1044 597 1092 Belus
611 1044 726 1105 opimam
740 1054 742 1058 '

130 1133 247 1181 vastabat
260 1133 374 1195 Cyprum
387 1141 411 1180 ct
424 1133 505 1180 victor
518 1133 620 1180 dicione
633 1131 744 1180 tenebat.

130 1231 246 1284 tompore
259 1223 311 1269 iam
324 1236 356 1268 ex
368 1222 415 1268 illo
429 1236 503 1269 casus
517 1221 579 1268 mihi
594 1221 711 1281 cognitus
724 1219 794 1268 urbis

130 1310 260 1359 Troianae
274 1325 420 1372 nomenque
433 1319 505 1357 tuom
518 1324 642 1371 regesque
655 1308 767 1370 Pelasgi.

59 1404 109 1447 625
129 1400 186 1462 ipso
200 1400 281 1447 hostis
294 1399 408 1446 Teucros
422 1399 516 1459 insigni
531 1399 607 1446 laude
621 1397 718 1446 serebat

131 1502 208 1549 seque
222 1497 307 1534 ortum
321 1488 594 1548 antiqua'leuerorum
608 1487 639 1534 ab
652 1487 731 1549 stirpe
744 1485 855 1534 volebat.

132 1590 211 1637 quare
224 1576 302 1637 agite,
319 1591 333 1622 o
348 1577 429 1634 tectis,
445 1577 557 1633 iuvenes,
573 1576 701 1624 succedite
715 1575 817 1624 nostris.

131 1678 172 1711 me
186 1679 289 1726 quoque
302 1679 347 1726 per
360 1665 454 1712 multos
468 1665 559 1712 similis
573 1664 677 1712 fortuna
689 1664 790 1712 labores
805 1657 807 1661 ’

131 1753 252 1800 iactatam
267 1753 315 1800 hac
329 1754 432 1800 demum
444 1753 526 1800 voluit
539 1752 677 1800 consistere
690 1760 766 1800 terra.

59 1846 111 1888 630
132 1855 184 1887 non
198 1841 289 1902 ignara
302 1842 363 1888 mali
378 1842 476 1889 miseris
490 1855 638 1889 succurrere
651 1832 756 1889 disco.’.

132 1929 168 1976 sic
182 1937 323 1988 momorat3
343 1930 419 1977 simul
433 1930 540 1977 Aenean
554 1930 580 1975 in
594 1929 666 1989 regis
678 1928 749 1976 ducit

132 2025 207 2076 tecta,
223 2018 301 2065 simrrl
316 2019 401 2064 divom
415 2019 518 2080 templis
532 2018 623 2066 indicit
635 2018 769 2065 honorem.

132 2121 180 2154 nce
193 2108 277 2154 minus
291 2107 388 2154 interca
400 2107 476 2154 sociis
491 2107 522 2154 ad
537 2107 614 2154 litora
626 2106 704 2153 mittit

132 2195 221 2256 viginti
236 2203 332 2253 tauros,
349 2209 503 2255 magnorum
516 2195 648 2243 horrentia
661 2203 763 2242 centum

60 2290 110 2332 6:35
132 2290 205 2344 terga
217 2300 304 2341 suom,
326 2285 428 2346 pinguis
443 2292 544 2331 centum
558 2300 616 2332 eum
629 2284 753 2332 matribus
768 2297 858 2345 ugnos,

132 2388 239 2420 munera
252 2373 428 2434 laetitiamque
442 2373 486 2420 dii.

132 2469 158 2509 at
172 2463 263 2508 domus
276 2461 382 2508 interior
395 2462 475 2522 regali
490 2461 626 2522 splendida
639 2461 701 2508 luxu

132 2551 266 2598 instruitur
280 2550 421 2613 mediisque
435 2558 530 2615 purant
543 2550 669 2600 conuiuia
677 2549 760 2597 tectis
767 2563 778 2592 ·.
806 2545 810 2551 “

125 2650 178 2685 arte
190 2637 327 2688 laboratae
342 2650 428 2693 vestes
442 2652 579 2710 ostroque
592 2640 731 2707 superbos
