1808 2956
295 207 443 246 taurinos
462 207 549 246 mana
566 208 608 246 rx.
789 200 847 247 391

121 352 168 422 ι111,
185 364 242 422 dea,
258 371 285 411 tu
299 378 419 425 praesens
433 370 522 411 nostro
535 379 655 412 succurre
668 365 760 422 labori,

125 460 252 500 astrorum
266 453 343 500 decus
357 461 381 501 et
394 465 528 500 nemorum
540 452 653 500 Latonia
666 461 760 500 custos.

125 542 200 603 siqua
212 542 262 588 tuis
276 556 400 603 umquam
413 555 460 602 pro
474 554 515 588 me
528 548 601 602 pater
613 539 740 602 Hyrtacus
754 541 805 589 aris

54 635 105 677 405
126 631 195 677 dona
208 631 275 688 tulit,
291 630 367 691 siqua
379 630 433 691 ipse
449 630 513 677 meis
526 628 659 677 venatibus
673 631 734 677 auxi

126 719 278 780 suspendive
291 718 364 765 tholo
378 725 423 766 aut
435 733 508 765 sacra
521 718 553 765 ad
567 717 671 778 fastigia
684 718 738 777 fixi,

125 807 194 854 huno
219 807 274 855 sine
298 821 338 854 me
364 806 467 855 turbare
485 806 593 866 globum
612 814 637 853 et
659 820 719 868 rege
737 808 790 856 tela
808 822 854 870 per

426 885 522 941 auras.⁸

127 983 227 1031 dixerat
239 991 264 1031 et
276 991 331 1030 toto
345 983 453 1030 conixus
467 997 574 1044 corpore
587 982 682 1030 serrum

128 1066 231 1118 conicit.
258 1071 333 1118 hasta
345 1072 435 1119 volans
449 1071 531 1118 noctis
546 1071 689 1120 diverberat
702 1072 804 1120 umbras

56 1165 108 1206 410
128 1167 152 1207 et
164 1159 233 1206 venit
246 1159 326 1207 aversi
339 1159 366 1206 in
379 1166 480 1220 tergum
493 1159 626 1207 Sulmonis
638 1161 726 1222 ibique

128 1246 254 1308 frangitur
267 1263 297 1296 ao
310 1247 369 1295 fisso
384 1249 475 1296 transit
487 1249 639 1310 praecordia
652 1249 733 1310 ligno.

126 1336 237 1383 volvitur
248 1336 293 1384 illc
306 1350 411 1384 vomens
426 1337 539 1384 calidum
553 1337 584 1384 de
597 1345 700 1399 pectore
712 1338 807 1385 fiumen

127 1424 235 1486 frigidus
249 1433 274 1473 et
286 1425 377 1486 longis
385 1424 540 1486 singultibus
552 1425 599 1473 ilia
611 1426 705 1487 pulsat.

127 1513 218 1562 diversi
233 1514 451 1576 circumspiciunt.
478 1513 528 1561 hoc
541 1514 625 1561 acrior
638 1514 707 1562 idem

57 1604 107 1646 415
128 1615 187 1648 ecoe
200 1602 269 1648 aliud
284 1616 384 1649 summa
397 1601 477 1650 telum
491 1601 603 1649 librabat
615 1601 647 1648 ab
661 1618 730 1650 aure.

34 1672 36 1676 ⁵
129 1688 189 1734 durn
202 1690 338 1750 trepidant,
353 1691 374 1737 it
387 1690 460 1736 hasta
467 1690 540 1751 Tago
548 1705 593 1752 pcr
600 1697 699 1752 tempus
706 1698 853 1753 utrumque,

129 1777 247 1834 stridens,
262 1779 421 1841 traiectoque
434 1778 517 1826 haesit
530 1778 657 1840 tepefacta
670 1779 783 1827 cerebro.

127 1865 207 1912 suevit
220 1872 294 1913 atrox
307 1867 432 1915 Volscens
446 1882 493 1914 nec
507 1868 551 1915 teli
566 1867 691 1928 conspicit
704 1882 814 1929 usquam

128 1960 259 2001 auctorem
272 1969 319 2002 nee
332 1970 384 2017 qno
397 1970 424 2004 se
438 1956 530 2003 ardens
543 1956 672 2003 inmittere
685 1956 774 2018 possit.

56 2046 107 2088 4⁶20
126 2042 162 2089 ‘tu
176 2050 261 2090 tamen
275 2044 373 2092 interea
386 2045 471 2092 calido
485 2044 547 2091 milri
562 2043 688 2105 sanguine
701 2059 797 2106 poenas

126 2132 255 2192 persolves
269 2124 412 2179 amborum’
424 2134 522 2195 inquit;
542 2133 618 2180 simul
632 2146 692 2180 ense
705 2134 807 2181 recluso

126 2218 180 2265 ibat
192 2220 217 2266 in
231 2219 380 2283 Euryalum.
409 2229 463 2269 tum
475 2237 534 2269 vero
548 2221 692 2278 exterritus,
709 2235 804 2280 amens,

128 2308 273 2355 conclamat
285 2309 370 2367 Nisus,
387 2324 434 2356 nec
447 2324 473 2356 se
487 2311 570 2357 oelnre
584 2309 695 2357 tenebris

128 2395 237 2456 anrplius
252 2404 296 2444 aut
308 2404 409 2445 tantum
423 2397 507 2458 potuit
519 2397 631 2458 perferre
645 2398 770 2455 dolorem,

57 2487 107 2527 425
124 2470 185 2540 ‘n1e‚
201 2498 251 2542 me,
266 2485 366 2544 adsum,
383 2485 498 2546 quirent,
514 2485 541 2532 in
553 2500 593 2532 me
602 2485 740 2533 convertite
749 2485 852 2543 ferrum,

128 2584 143 2616 o
157 2570 259 2618 Rutuli!
281 2588 338 2620 mea
351 2574 420 2620 fraus
435 2574 538 2632 omnis3
556 2573 692 2620 nilirl'xste
700 2585 757 2617 nec
767 2581 853 2614 assus

121 2673 170 2705 noc
179 2660 283 2720 potuit5
305 2664 409 2712 caelum
422 2664 478 2714 hoo
491 2672 521 2714 et
536 2662 652 2712 conscia
664 2658 763 2704 §ruera
772 2653 887 2693 tesam
