1808 2956
298 169 323 207 P.
341 168 462 207 VllllGlLl
484 168 614 208 MARONIS

128 327 172 389 qui
185 341 254 374 nune
268 326 387 374 extremis
401 326 480 373 Asiae
494 326 546 373 iam
559 327 641 374 victor
654 328 681 374 in
696 329 748 378 oris

126 416 249 464 inbellem
262 414 354 463 avertis
367 414 490 462 Romanis
505 415 606 463 arcibus
621 415 725 465 Indum.

127 506 205 563 salve,
221 519 315 566 magna
328 518 420 566 pareus
434 504 546 565 frugum,
563 503 686 552 Saturnia
699 507 785 565 tellus

126 609 223 656 magna
234 595 330 641 uirum:
352 592 398 640 tibi
413 608 452 640 res
466 593 588 655 antiquae
601 593 687 642 laudis
702 603 728 643 et
741 597 800 644 artis

59 688 107 733 175
126 683 267 746 ingredior,
283 689 385 729 sanctos
399 697 476 728 ausus
489 682 622 730 recludere
635 681 729 753 fontes,

127 774 322 832 Ascraeumque
336 785 401 818 eune
415 770 532 818 Romana
545 787 590 833 per
604 772 702 834 oppida
715 787 823 822 carmen.

163 862 237 910 Nunc
263 861 335 908 locus
361 874 480 907 arvorum
505 859 633 921 ingeniis3
667 877 736 923 quae
767 862 846 910 robure

430 949 531 1011 cuique,

129 1039 185 1102 quis
199 1039 272 1086 color
285 1048 309 1086 et
322 1053 388 1100 rurae
402 1038 434 1085 sit
447 1037 522 1086 rebus
536 1046 630 1084 natura
643 1037 767 1088 serendis.

129 1127 247 1176 difficiles
260 1127 372 1190 primum
385 1136 467 1174 terrac
482 1127 613 1188 collesque
626 1128 746 1189 maligni,

60 1224 109 1267 180
128 1217 212 1266 tenuis
226 1217 269 1264 ubi
284 1217 377 1278 argilla
391 1224 415 1264 et
429 1216 542 1263 dumosis
557 1217 672 1264 calculus
687 1219 765 1278 arvis,

129 1306 249 1354 Palladia
262 1307 377 1368 gaudent
390 1306 454 1353 silva
466 1305 560 1353 vivacis
575 1306 667 1354 olivae.

128 1396 225 1443 indicio
239 1404 277 1443 est
290 1403 371 1442 tractu
385 1409 493 1456 surgens
508 1395 618 1442 oleaster
636 1396 730 1444 cedem

129 1483 255 1547 plurimus
268 1491 293 1532 ct
305 1484 376 1531 strati
391 1483 461 1531 bacis
475 1484 632 1531 silvestribus
647 1485 711 1546 agri.

129 1582 155 1621 at
168 1589 235 1636 quae
247 1572 351 1635 pinguis
365 1571 457 1619 humus
472 1572 592 1634 dulcique
605 1572 705 1634 uligine
719 1575 796 1631 lucta,

61 1668 108 1711 185
130 1663 226 1726 quique
240 1663 359 1724 frequens
373 1661 458 1709 herbis
472 1669 496 1709 et
510 1660 600 1709 fertilis
614 1661 693 1710 ubere
707 1677 812 1726 campus

129 1751 246 1815 (qualem
259 1766 336 1814 saepe
350 1766 412 1798 eura
425 1751 518 1797 montis
533 1750 650 1798 convalle
664 1752 778 1800 solemus

129 1841 255 1905 dispicere
266 1858 272 1900 ;
293 1841 343 1889 hue
356 1839 462 1887 summis
475 1839 609 1900 liquuntur
622 1839 729 1902 rupibus
744 1853 828 1888 amnes

130 1931 283 1993 felicemque
297 1929 401 1976 trahunt
414 1928 517 1991 limum)
532 1929 627 1990 quique
641 1929 725 1976 editus
738 1937 823 1978 austro

131 2029 156 2069 et
169 2020 263 2068 filicem
276 2018 359 2068 curvis
372 2017 481 2064 invisam
493 2017 578 2079 pascit
591 2018 697 2064 aratris:

62 2115 111 2158 190
129 2109 172 2158 hie
186 2109 231 2157 tibi
244 2107 406 2171 praevalidas
420 2106 482 2154 elim
495 2106 629 2167 multoque
641 2107 750 2156 fluentes

130 2199 240 2247 sufficiet
252 2197 357 2245 Baccho
371 2196 437 2253 ritis,
452 2195 496 2242 hie
509 2194 599 2242 fertilis
612 2210 686 2253 uvae,

131 2288 172 2337 lric
186 2287 269 2336 laticis
284 2287 387 2350 qualem
401 2284 495 2348 pateris
509 2283 619 2331 libamus
633 2291 658 2332 et
671 2300 744 2345 auro,

129 2377 228 2427 inflavit
241 2390 299 2425 eum
312 2375 415 2438 pinguis
429 2373 492 2420 ebur
505 2373 653 2436 Tyrrhenus
668 2375 700 2421 ad
714 2390 782 2427 aras.

130 2466 247 2515 lancibus
261 2472 286 2514 et
299 2464 391 2527 pandis
404 2463 531 2511 fumantia
544 2463 675 2511 reddimus
689 2471 758 2512 exta.

61 2560 110 2606 195
130 2557 171 2606 sin
185 2561 301 2604 armentu
314 2553 397 2615 magis
410 2553 523 2600 studium
536 2552 682 2613 vitulosque
696 2553 762 2601 tueri

130 2653 176 2695 aut
188 2644 254 2695 fetus
268 2643 355 2692 ovium
368 2649 413 2690 aut
425 2649 527 2690 urentes
541 2642 611 2689 culta
623 2642 748 2703 capellas,
