1808 2956
253 195 400 236 AENEIDOS
418 198 505 236 LIBER
522 199 553 236 X·

74 356 111 403 ire
124 354 195 416 prior
207 354 303 413 Pallas,
320 354 394 416 siqua
407 354 459 403 fors
473 355 575 404 adiuvet
588 368 678 403 ausum

74 443 170 490 viribus
184 443 326 504 inparibus,
339 458 513 506 magnumque
526 444 562 491 ita
571 444 602 491 ad
612 443 716 492 aethera
723 443 799 492 satur.

28 538 54 580 30
71 522 129 595 ‘per
141 531 221 593 patris
235 532 375 594 hospitium
389 539 414 581 et
426 547 527 580 mensas
542 547 605 594 quas
619 532 801 580 advenaadisti

74 628 99 669 te
111 635 211 683 precor,
226 620 327 679 Alcide,
344 621 441 682 coeptis
454 621 601 683 ingentibus
614 621 692 668 adsis.

74 717 163 758 cernat
175 709 297 756 semineci
311 708 358 756 sibi
373 724 413 756 me
427 725 517 772 rapere
531 725 601 758 arma
615 717 720 757 cruenta

74 799 248 860 victoremque
262 797 345 846 terant
357 798 495 847 morientia
507 799 606 846 lumina
619 789 720 846 Turni'

74 887 157 935 audiit
168 887 273 934 Alcides
287 886 406 934 iuvenem
417 902 593 949 magnumque
606 886 653 934 sub
666 887 719 934 imo

28 981 54 1024 35
75 976 151 1024 eorde
165 976 257 1037 premit
269 976 394 1037 gemitum
407 976 578 1038 lacrimasque
588 976 696 1023 effundit
705 975 800 1023 inanis.

75 1071 129 1111 tum
141 1065 243 1125 genitor
256 1073 346 1112 natum
359 1064 433 1112 dictis
447 1064 549 1111 adfatur
563 1064 661 1111 amicis.

74 1151 134 1198 ‘stat
145 1167 191 1198 sua
205 1153 297 1215 cuique
311 1154 373 1212 dies,
392 1153 466 1201 breve
480 1161 506 1201 et
517 1151 689 1215 inreparabile
703 1158 801 1213 tempus

76 1239 194 1287 omnibus
208 1247 245 1288 est
257 1242 339 1289 vitae:
361 1243 405 1290 sed
420 1241 516 1290 lamam
529 1242 667 1290 extendere
680 1240 763 1300 sactis,

75 1328 125 1376 hoc
137 1328 234 1376 virtutis
249 1345 321 1392 opus.
350 1331 444 1379 Troiae
458 1331 504 1378 sub
518 1330 653 1379 moenibus
666 1329 724 1376 altis

28 1420 55 1464 lc
75 1424 112 1464 tot
124 1417 196 1478 gnati
211 1418 326 1465 cecidere
339 1418 431 1478 deum,
455 1420 518 1481 quin
532 1420 627 1468 occidit
639 1433 692 1466 una

74 1504 218 1567 Sarpedon,
234 1520 291 1553 mea
304 1507 449 1568 progenies.
478 1509 555 1556 etiam
568 1523 615 1555 sna
627 1507 744 1554 Turnum
790 1544 798 1550 .
848 1541 852 1548 .

74 1593 128 1640 sata
141 1600 233 1640 vocant
246 1601 378 1654 metasque
392 1595 444 1642 dati
458 1596 573 1657 pervenit
585 1596 617 1642 ad
632 1587 707 1642 aevi.'

75 1680 111 1727 sie
125 1679 161 1726 ait
174 1687 250 1741 atquc
264 1681 353 1728 oculos
366 1682 520 1729 Rutulorum
534 1682 606 1729 reicit
619 1683 693 1730 arvis.

76 1775 102 1814 at
114 1767 201 1815 Pallas
215 1769 315 1828 magnis
330 1770 423 1816 emittit
434 1770 529 1817 viribus
544 1769 642 1817 hastam

28 1861 54 1906 l5
75 1856 220 1917 vaginaque
234 1871 296 1903 cava
309 1856 451 1918 fulgentem
464 1858 558 1920 deripit
570 1872 666 1905 ensem.

74 1946 121 1993 illa
133 1945 233 2003 volans,
249 1946 331 1993 umeri
344 1952 452 2007 surgunt
465 1961 516 2008 qua
529 1947 643 2007 tegmina
656 1962 764 2007 summa,

73 2033 165 2082 incidit
178 2041 256 2095 atque
268 2034 335 2082 viam
349 2036 424 2098 clipei
437 2036 529 2083 molita
541 2050 586 2098 per
600 2051 666 2094 oras,

74 2123 179 2170 tandem
192 2123 270 2170 etiam
284 2138 379 2185 magno
392 2124 496 2172 strinxit
508 2126 539 2173 de
553 2137 660 2188 corpore
673 2125 763 2172 Turni.

73 2211 116 2259 hie
128 2211 231 2258 Turnus
245 2211 312 2260 ferro
325 2213 468 2274 praefixum
481 2213 560 2261 robur
573 2221 648 2262 acuto

28 2304 54 2346 30
74 2300 100 2345 in
114 2299 235 2347 Pallanta
248 2301 292 2347 diu
305 2300 403 2348 librans
417 2302 478 2350 iacit
491 2309 568 2364 atque
581 2303 617 2350 ita
630 2303 707 2361 fatur,

70 2378 168 2450 ‘aspice
181 2403 244 2435 num
257 2405 333 2451 mage
346 2390 379 2437 sit
390 2397 507 2438 nostrum
520 2391 677 2454 penetrabile
691 2381 791 2438 telum'
856 2441 861 2455 ,

74 2476 189 2524 dixerat:
205 2484 231 2524 at
245 2478 365 2540 clipeum,
381 2485 420 2526 tot
432 2479 491 2528 ferri
504 2486 586 2541 terga,
602 2486 640 2526 tot
653 2479 727 2537 aeris,

74 2581 132 2614 eum
146 2565 221 2627 pellis
236 2566 328 2614 totiens
342 2567 419 2616 obeat
431 2567 593 2616 circumdata
604 2568 687 2622 tauri„

72 2654 179 2701 vibranti
193 2655 278 2719 cuspis
292 2658 413 2707 medium
425 2656 632 2708 transuerberat
638 2652 702 2697 'iata
