1808 2956
229 299 377 339 Anumnos
394 282 539 340 nranu'xr.
721 293 781 341 465

10 465 33 508 »5
56 458 139 505 amnis
153 464 178 504 et
191 456 332 505 Hadriacas
345 464 413 504 retro
426 456 493 518 fugit
505 457 615 505 Aufidus
629 458 720 507 undas.

54 546 95 593 vel
108 560 166 593 cum
179 559 206 592 se
219 545 341 606 pavidum
354 552 444 592 contra
456 559 513 594 mea
526 545 610 607 iurgia
624 545 699 607 fingit

56 633 160 681 artificis
173 634 257 681 scelus
270 641 295 680 et
307 633 445 681 formidine
458 633 554 681 crimen
568 633 680 681 acerbat.

55 736 198 784 numquam
218 721 330 769 animam
349 721 427 768 talem
445 722 536 769 dextra
549 721 598 769 hac
611 720 717 784 (absiste
730 737 785 770 mo·
812 729 818 744 ·
861 715 866 724 ’

357 809 422 872 veri)

56 898 172 945 amittes:
194 897 292 944 habitet
304 904 389 944 tecum
402 906 427 945 et
439 898 473 945 sit
484 904 587 960 pectore
600 897 627 944 in
640 898 698 946 isto.

10 993 36 1036 ‚0
57 1001 126 1034 nunc
139 986 172 1034 ad
186 993 210 1033 te
224 992 249 1033 et
261 993 305 1033 tua
318 1000 422 1047 magna,
438 993 518 1048 pater,
533 987 651 1034 consulta
661 994 782 1034 revertor.

57 1076 78 1122 si
91 1075 191 1122 nullam
204 1074 297 1120 nostris
311 1075 378 1122 ultra
391 1088 463 1136 spem
475 1075 550 1136 ponis
563 1074 590 1120 in
604 1074 690 1132 armis,

57 1164 78 1210 si
92 1170 144 1210 tam
158 1163 251 1210 deserti
264 1177 351 1209 sumus
365 1169 390 1209 et
402 1162 481 1209 semel
495 1162 599 1222 agmine
611 1176 683 1209 verso

57 1251 171 1298 funditus
184 1251 325 1298 occidimus
333 1249 623 1312 nequohabetFortuna
630 1263 782 1311 regressum,

58 1353 160 1386 oremus
172 1353 263 1399 pacem
276 1347 300 1386 et
313 1339 415 1387 dextras
428 1338 563 1387 tendamus
576 1337 674 1386 inertis.

10 1433 37 1476 15
59 1441 216 1489 quamquam
228 1442 243 1474 o
257 1427 277 1474 si
291 1428 382 1476 solitae
395 1428 534 1490 quicquam
547 1427 645 1474 uirtutis
659 1427 768 1484 adesset,

57 1516 101 1564 ille
114 1515 177 1564 mihi
191 1522 250 1562 autc
263 1515 328 1562 alios
341 1515 537 1578 fortunatusque
550 1514 669 1562 laborum

58 1605 227 1666 egregiusque
241 1604 329 1658 animi,
345 1605 398 1666 qui,
413 1605 509 1666 nequid
523 1603 574 1651 tale
586 1603 692 1661 videret,

57 1692 195 1754 procubuit
207 1691 319 1738 moriens
332 1698 357 1739 ot
369 1691 476 1738 humum
488 1692 568 1741 semel
578 1704 623 1738 ore
633 1689 783 1738 momordit.

58 1780 99 1827 sin
112 1785 138 1826 ot
150 1791 211 1838 opes
225 1777 299 1823 nobis
312 1785 338 1824 et
350 1778 434 1826 adhue
447 1779 544 1826 intacta
556 1778 673 1826 iuventus

10 1876 38 1917 20
59 1866 208 1926 auxilioque
221 1864 296 1912 urbes
309 1863 390 1912 Italae
403 1865 545 1927 populique
558 1873 702 1927 supersunt,

58 1957 98 2005 sin
112 1962 137 2003 et
149 1952 270 2000 Troianis
284 1966 343 2000 cum
355 1953 437 1999 multo
450 1952 535 2013 gloria
547 1953 616 1999 venit

58 2044 184 2105 sanguine
198 2041 270 2104 (sunt
282 2041 334 2088 illis
347 2056 394 2088 sua
406 2040 506 2098 funera,
521 2054 619 2102 parque
631 2054 677 2102 per
690 2041 773 2088 omnis

59 2129 218 2195 tempestas),
234 2145 279 2178 cur
291 2129 424 2178 indecores
437 2129 464 2176 in
478 2128 567 2176 limine
579 2128 663 2190 primo

59 2219 209 2270 deficimus?
229 2233 273 2266 cur
290 2225 349 2266 anto
367 2217 455 2263 tubam
468 2223 563 2264 tremor
576 2224 685 2278 occupat
698 2217 786 2264 artua?

10 2316 39 2357 25
59 2311 140 2358 multa
154 2309 207 2355 dies
221 2306 335 2368 vanique
349 2306 422 2354 labor
435 2304 566 2353 mutabilis
579 2306 634 2353 aevi

59 2397 157 2445 rettulit
168 2397 195 2443 in
208 2395 310 2453 melius,
324 2394 419 2441 multos
433 2394 533 2441 alterna
545 2394 656 2442 revisens

59 2485 121 2532 lusit
133 2494 158 2532 et
170 2485 197 2531 in
210 2483 294 2531 solido
308 2495 395 2529 rursus
407 2480 522 2529 Fortuna
534 2482 637 2530 locavit.

59 2587 112 2620 non
125 2572 173 2620 erit
185 2571 283 2620 auxilio
297 2569 372 2618 nobis
384 2569 493 2617 Aetolus
507 2576 532 2617 et
543 2569 623 2632 Arpi:

60 2669 87 2709 at
98 2661 231 2723 Messapus
245 2660 293 2708 erit
304 2658 418 2721 felixque
430 2657 584 2705 Tolumnius
597 2664 622 2704 et
634 2670 701 2717 qnos

10 2758 40 2800 30
60 2758 97 2797 tot
105 2749 198 2812 populi
210 2748 303 2799 misere
318 2748 409 2808 duces,
424 2762 476 2798 nec
488 2760 576 2811 parua
585 2747 718 2803 ,quaem

33 2833 151 2886 Vergilius.
615 2821 664 2872 ‘W
