1808 2956
299 192 448 232 naunrnos
469 192 555 230 urana
575 192 616 230 rx.
791 180 853 227 409

56 358 105 401 715
127 351 226 398 addidit
239 356 264 397 et
276 350 393 397 stimulos
407 349 473 396 acris
486 346 532 394 sub
547 355 650 410 pectore
663 346 737 393 vernt

126 438 274 500 inmisitque
288 438 385 499 Fugam
399 437 506 484 Teucris
520 443 655 496 atrumque
668 434 807 482 Timorem.

127 528 242 588 undique
255 526 424 583 conveniunt,
440 525 564 587 qnoniam
578 524 639 571 data
652 523 728 585 copia
740 537 855 585 pugnae,

127 616 287 677 bellatorque
301 613 387 660 animo
402 613 464 660 deus
477 613 576 660 incidit.

127 704 270 760 Pandarus,
286 710 314 748 ut
327 702 384 748 fuso
397 715 548 762 germanum
563 715 669 761 corpore
684 700 773 758 cernit,

58 799 108 842 720
128 801 152 841 et
166 808 218 854 quo
232 792 265 839 sit
278 790 382 837 fortuna
394 789 462 847 loco,
479 789 523 850 qui
537 803 611 836 casus
625 795 686 848 agat
698 803 746 846 rcs,

128 890 230 944 portam
242 881 265 926 ri
280 893 375 939 magna
388 892 510 926 converso
525 877 628 925 cardine
643 883 753 938 torquet,

128 970 240 1016 obnixus
253 968 311 1015 latis
325 967 428 1026 umeris,
444 967 592 1028 multosque
604 980 710 1013 suorum

129 1057 264 1104 moenibus
278 1057 397 1104 exclusos
411 1057 475 1103 duro
488 1056 514 1102 in
529 1054 667 1102 certamine
681 1053 784 1115 linquit,

130 1154 170 1192 ast
183 1145 247 1193 alios
261 1160 347 1193 secum
360 1146 470 1193 includit
483 1144 623 1206 recipitque
636 1143 742 1212 ruentis,

60 1242 109 1284 725
131 1236 244 1291 demens,
261 1234 304 1295 qui
316 1233 441 1281 Rutulum
454 1234 480 1280 in
494 1233 579 1280 medio
591 1246 643 1278 non
655 1232 757 1293 agmine
770 1244 861 1291 regem

130 1323 221 1371 viderit
234 1323 422 1385 inrumpentem
435 1323 555 1382 ultroque
567 1321 701 1368 incluserit
713 1320 779 1378 urbi,

130 1413 260 1459 inmanem
274 1411 350 1459 veluti
365 1425 460 1472 pecora
472 1411 538 1457 inter
551 1410 644 1456 inertia
657 1409 751 1469 tigrim.

130 1502 253 1549 contiuuo
267 1514 334 1546 nova
347 1500 392 1546 lux
406 1498 487 1545 oculis
501 1498 596 1545 effulsit
609 1505 634 1545 et
646 1512 718 1544 arma

130 1589 286 1635 horrendum
300 1601 424 1644 sonuerc3
443 1592 555 1633 tremunt
568 1586 594 1631 in
607 1585 700 1632 vertice
714 1585 805 1633 cristae

61 1681 111 1724 7:30
131 1675 288 1733 sanguineae
302 1675 437 1735 clipeoque
450 1673 573 1720 micantia
585 1672 695 1720 fulmina
707 1672 793 1718 mittit.

132 1763 293 1822 adgnoscunt
307 1762 398 1809 faciem
412 1761 520 1807 invisam
534 1768 609 1822 atque
623 1759 739 1806 inmania
745 1759 862 1806 membra

131 1851 226 1898 turbati
240 1849 324 1897 subito
338 1849 486 1897 Aeneadae.
514 1855 568 1895 tum
581 1848 716 1895 Pandarus
732 1847 824 1908 ingens

132 1941 225 1988 emieat
239 1946 263 1987 et
276 1938 364 1985 mortis
379 1938 507 1986 fraternae
520 1936 631 1984 fervidus
644 1937 683 1983 ira

132 2029 223 2077 effatur
232 2018 296 2075 ‘non
310 2027 375 2075 haec
389 2026 482 2073 dotalis
496 2025 568 2086 regia
578 2026 697 2084 Amatae,

62 2124 110 2168 735
132 2133 178 2166 nec
192 2117 270 2165 muris
285 2116 388 2164 cohibet
401 2114 489 2176 patriis
503 2114 588 2162 media
601 2113 688 2161 Ardea
701 2114 827 2160 Tamum.

132 2214 216 2254 eastra
229 2206 335 2253 inimica
348 2205 434 2262 vides3
455 2203 528 2251 nulla
542 2203 602 2250 lrine
615 2203 685 2251 exire
699 2193 833 2264 potestas'

132 2295 176 2341 olli
191 2294 324 2341 subridens
338 2293 427 2341 sedato
441 2299 544 2354 pectore
557 2292 660 2338 Turnus

127 2373 234 2443 ‘incipe,
249 2382 324 2443 siqua
337 2381 424 2427 animo
437 2380 526 2438 virtus,
542 2386 567 2428 et
580 2393 685 2428 consere
698 2379 830 2427 dextram:

132 2471 173 2517 hie
187 2471 264 2517 etiarm
279 2470 410 2517 inventum
423 2468 528 2516 Priamo
541 2467 657 2515 narrabis
670 2460 812 2516 Achillen.'

61 2565 112 2609 740
132 2560 241 2606 dixerat.
269 2559 314 2606 ille
327 2559 418 2606 rudem
431 2557 506 2604 nodis
520 2564 545 2604 et
558 2556 655 2604 cortice
666 2557 752 2602 cruda

128 2648 260 2709 intorquet
271 2648 381 2698 summis
395 2647 512 2698 adnixus
526 2644 779 2695 viribusbastamz
