1808 2956
299 179 327 217 F.
342 178 463 216 VERGILI
480 178 611 217 MARONIS

165 335 276 382 Multum
289 336 354 382 adeo
368 335 455 382 rastris
467 334 573 396 glaebas
587 336 630 397 qui
649 335 747 397 frangit
764 337 850 385 inertes
889 344 894 387 l

77 429 108 472 95
128 424 303 485 vimineasque
316 423 394 470 trahit
407 429 489 470 crates
502 423 572 470 iuvat
585 439 659 482 arva,
681 439 765 486 neque
783 426 851 473 illum

128 512 194 560 flava
208 512 284 560 Ceres
298 513 350 559 alto
364 511 522 574 nequiquam
536 518 634 574 spectat
647 511 774 575 Olymp03

130 608 155 649 et
167 601 210 663 qui
224 601 352 664 proscisso
365 615 432 663 quae
446 601 554 647 suscitat
566 614 677 662 aequore
690 607 764 662 terga

129 706 215 738 rursus
228 691 255 738 in
269 690 401 752 obliquom
413 704 485 737 verso
498 689 640 751 perrumpit
653 696 738 736 aratro

130 787 281 841 exercetque
294 779 414 841 frequens
427 778 544 825 tellurem
558 784 634 839 atque
652 777 763 840 imperat
780 780 851 828 arvis.
891 783 894 820 1

62 873 110 917 100
165 869 259 917 Umida
272 867 381 915 solstitia
394 873 470 928 atque
483 866 580 914 hiemes
594 872 665 913 orate
678 881 791 927 serenas,

130 957 276 1018 agricolae:
292 955 398 1002 hiberno
412 955 554 1003 laetissima
567 955 671 1016 pulvere
684 955 762 1015 farra,

130 1046 211 1093 laetus
226 1058 303 1104 ager;
324 1043 396 1089 nullo
410 1049 509 1089 tantum
522 1057 549 1090 se
561 1043 645 1104 Mysia
658 1044 728 1091 cultu

128 1115 209 1180 iactat
221 1138 246 1180 et
258 1131 314 1193 ipsa
327 1146 385 1178 suas
398 1131 524 1178 mirantur
538 1129 655 1192 Gargara
667 1147 771 1180 messes.

131 1221 192 1282 quid
207 1221 299 1279 dicam,
319 1220 386 1268 iacto
401 1220 445 1282 qui
458 1220 555 1268 semine
569 1220 711 1267 comminus
725 1237 787 1271 arva

63 1314 110 1373 l05
130 1309 274 1372 insequitur
287 1310 454 1372 cumulosque
467 1310 518 1356 ruit
531 1310 598 1357 male
612 1309 714 1371 pinguis
732 1310 852 1370 harenae,

132 1399 224 1447 deinde
237 1399 298 1447 satis
311 1399 416 1446 fluvium
429 1398 529 1445 inducit
541 1399 660 1458 rivosque
673 1400 804 1460 sequentis

131 1495 163 1547 et,
180 1503 238 1535 cum
252 1494 355 1536 exustus
370 1501 430 1548 ager
443 1486 610 1533 morientibus
624 1493 724 1533 aestuat
736 1487 831 1546 herbis,

132 1591 191 1624 cece
204 1576 341 1638 supercilio
356 1575 443 1622 clivosi
457 1574 565 1621 tramitis
579 1575 675 1622 undam

131 1665 201 1712 elicit
214 1664 273 1726 (illa
286 1665 379 1712 cadens
393 1678 500 1711 raucum
512 1677 557 1724 por
569 1662 636 1709 levia
648 1676 764 1709 murmur

64 1759 112 1801 110
132 1768 195 1800 saxa
209 1753 257 1800 ciet
270 1752 444 1814 scatebrisque
457 1752 556 1799 arentia
569 1757 694 1812 temperat
708 1751 799 1814 arva)?

132 1841 193 1903 quid
208 1841 261 1902 qui,
277 1855 309 1888 ne
322 1840 433 1900 gravidis
447 1838 600 1900 procumbat
612 1838 712 1885 culmus
726 1839 820 1901 aristis,

132 1928 260 1977 luxuriem
274 1934 390 1988 segetum
402 1933 491 1973 tenera
504 1924 619 1986 depascit
631 1924 658 1970 in
671 1924 760 1983 herba,

133 2033 191 2066 cum
203 2015 315 2079 primum
327 2013 412 2060 sulcos
427 2020 539 2074 aequant
551 2011 622 2058 sata?
646 2011 741 2073 quique
755 2016 855 2076 paludis

132 2107 271 2156 collectum
284 2117 400 2150 umorem
413 2101 503 2149 bibula
516 2100 619 2148 deducit
631 2100 745 2149 harena?

64 2201 112 2244 115
133 2195 283 2258 praesertim
295 2192 398 2241 incertis
411 2191 432 2239 si
445 2190 574 2239 mensibus
589 2191 671 2238 amnis
686 2191 823 2241 abundans

133 2285 185 2332 exit
198 2292 224 2333 et
236 2285 347 2332 obducto
362 2283 413 2330 late
426 2288 495 2329 tenet
507 2279 596 2328 omnia
609 2280 680 2338 limo,

132 2374 201 2421 unde
215 2388 292 2421 cavae
305 2373 392 2435 tepido
406 2372 500 2419 sudant
512 2384 601 2418 umore
614 2370 732 2417 lacunae.

167 2460 221 2509 Nec
239 2467 339 2519 tamen,
360 2460 424 2509 haec
438 2475 495 2508 cum
509 2461 560 2507 sint
572 2459 757 2519 hominumque
770 2457 858 2504 boum-

434 2563 484 2610 que
497 2549 599 2596 labores

133 2636 259 2685 versando
272 2642 366 2684 terram
380 2636 486 2698 experti,
502 2635 567 2683 nihil
580 2634 704 2698 inprobus
718 2648 793 2682 anser
