<?xml version="1.0" encoding="UTF-8"?>
<!DOCTYPE html PUBLIC "-//W3C//DTD XHTML 1.0 Transitional//EN"
    "http://www.w3.org/TR/xhtml1/DTD/xhtml1-transitional.dtd">
<html xmlns="http://www.w3.org/1999/xhtml" xml:lang="en" lang="en">
 <head>
  <title>
</title>
<meta http-equiv="Content-Type" content="text/html;charset=utf-8" />
  <meta name='ocr-system' content='tesseract 3.04.00' />
  <meta name='ocr-capabilities' content='ocr_page ocr_carea ocr_par ocr_line ocrx_word'/>
</head>
<body>
  <div class='ocr_page' id='page_1' title='image "./pvergiliusmaro00virggoog/pvergiliusmaro00virggoog_0167.png"; bbox 0 0 1808 2956; ppageno 0'>
   <div class='ocr_carea' id='block_1_1' title="bbox 76 174 626 223">
    <p class='ocr_par' dir='ltr' id='par_1_1' title="bbox 76 174 626 223">
     <span class='ocr_line' id='line_1_1' title="bbox 76 174 626 223; baseline 0.002 -2"><span class='ocrx_word' id='word_1_1' title='bbox 76 174 134 221; x_wconf 83' lang='lat'>160</span> <span class='ocrx_word' id='word_1_2' title='bbox 312 184 476 223; x_wconf 73' lang='lat' dir='ltr'>1²‚vnne1n1</span> <span class='ocrx_word' id='word_1_3' title='bbox 496 184 626 223; x_wconf 70' lang='lat' dir='ltr'>uenenis</span> 
     </span>
    </p>
   </div>
   <div class='ocr_carea' id='block_1_2' title="bbox 91 339 871 2447">
    <p class='ocr_par' dir='ltr' id='par_1_2' title="bbox 141 339 778 489">
     <span class='ocr_line' id='line_1_2' title="bbox 141 339 692 403; baseline 0 -16"><span class='ocrx_word' id='word_1_4' title='bbox 141 339 273 403; x_wconf 84' lang='lat' dir='ltr'>incipiam.</span> <span class='ocrx_word' id='word_1_5' title='bbox 302 340 375 390; x_wconf 83' lang='lat' dir='ltr'>fracti</span> <span class='ocrx_word' id='word_1_6' title='bbox 389 341 458 389; x_wconf 90' lang='lat' dir='ltr'>bello</span> <span class='ocrx_word' id='word_1_7' title='bbox 472 340 582 402; x_wconf 80' lang='lat' dir='ltr'>fatisque</span> <span class='ocrx_word' id='word_1_8' title='bbox 596 341 692 403; x_wconf 84' lang='lat' dir='ltr'>repulsi</span> 
     </span>
     <span class='ocr_line' id='line_1_3' title="bbox 143 429 778 489; baseline 0.003 -13"><span class='ocrx_word' id='word_1_9' title='bbox 143 429 261 477; x_wconf 85' lang='lat' dir='ltr'>ductores</span> <span class='ocrx_word' id='word_1_10' title='bbox 274 430 404 489; x_wconf 84' lang='lat' dir='ltr'>Danaum,</span> <span class='ocrx_word' id='word_1_11' title='bbox 420 437 458 477; x_wconf 81' lang='lat' dir='ltr'>tot</span> <span class='ocrx_word' id='word_1_12' title='bbox 471 429 523 476; x_wconf 80' lang='lat' dir='ltr'>iam</span> <span class='ocrx_word' id='word_1_13' title='bbox 536 429 681 477; x_wconf 84' lang='lat' dir='ltr'>labentibus</span> <span class='ocrx_word' id='word_1_14' title='bbox 696 433 778 478; x_wconf 73' lang='lat' dir='ltr'>aunis.</span> 
     </span>
    </p>

    <p class='ocr_par' dir='ltr' id='par_1_3' title="bbox 93 517 797 936">
     <span class='ocr_line' id='line_1_4' title="bbox 93 517 713 566; baseline 0.002 -1"><span class='ocrx_word' id='word_1_15' title='bbox 93 522 122 566; x_wconf 83' lang='lat'>15</span> <span class='ocrx_word' id='word_1_16' title='bbox 142 517 223 565; x_wconf 85' lang='lat' dir='ltr'>instar</span> <span class='ocrx_word' id='word_1_17' title='bbox 236 519 331 566; x_wconf 85' lang='lat' dir='ltr'>montis</span> <span class='ocrx_word' id='word_1_18' title='bbox 345 533 418 566; x_wconf 89' lang='lat' dir='ltr'>eeum</span> <span class='ocrx_word' id='word_1_19' title='bbox 432 519 518 565; x_wconf 85' lang='lat' dir='ltr'>divina</span> <span class='ocrx_word' id='word_1_20' title='bbox 531 518 646 566; x_wconf 83' lang='lat' dir='ltr'>Palladis</span> <span class='ocrx_word' id='word_1_21' title='bbox 660 528 713 566; x_wconf 84' lang='lat' dir='ltr'>arte</span> 
     </span>
     <span class='ocr_line' id='line_1_5' title="bbox 143 607 755 670; baseline -0.003 -15"><span class='ocrx_word' id='word_1_22' title='bbox 143 608 280 656; x_wconf 83' lang='lat' dir='ltr'>aedificant</span> <span class='ocrx_word' id='word_1_23' title='bbox 292 615 413 670; x_wconf 86' lang='lat' dir='ltr'>sectaque</span> <span class='ocrx_word' id='word_1_24' title='bbox 427 609 546 655; x_wconf 80' lang='lat' dir='ltr'>intexunt</span> <span class='ocrx_word' id='word_1_25' title='bbox 559 607 641 654; x_wconf 84' lang='lat' dir='ltr'>abiete</span> <span class='ocrx_word' id='word_1_26' title='bbox 655 617 755 656; x_wconf 77' lang='lat' dir='ltr'>uastas.</span> 
     </span>
     <span class='ocr_line' id='line_1_6' title="bbox 142 696 797 759; baseline 0.002 -16"><span class='ocrx_word' id='word_1_27' title='bbox 142 703 229 744; x_wconf 83' lang='lat' dir='ltr'>votum</span> <span class='ocrx_word' id='word_1_28' title='bbox 242 712 288 759; x_wconf 87' lang='lat' dir='ltr'>pro</span> <span class='ocrx_word' id='word_1_29' title='bbox 302 697 385 745; x_wconf 88' lang='lat' dir='ltr'>reditu</span> <span class='ocrx_word' id='word_1_30' title='bbox 398 696 536 754; x_wconf 87' lang='lat' dir='ltr'>simulant;</span> <span class='ocrx_word' id='word_1_31' title='bbox 556 710 586 743; x_wconf 87' lang='lat' dir='ltr'>ea</span> <span class='ocrx_word' id='word_1_32' title='bbox 599 696 667 742; x_wconf 84' lang='lat' dir='ltr'>sama</span> <span class='ocrx_word' id='word_1_33' title='bbox 681 708 797 757; x_wconf 68' lang='lat' dir='ltr'>vagatur.</span> 
     </span>
     <span class='ocr_line' id='line_1_7' title="bbox 142 784 722 846; baseline 0 -14"><span class='ocrx_word' id='word_1_34' title='bbox 142 785 192 833; x_wconf 90' lang='lat' dir='ltr'>hue</span> <span class='ocrx_word' id='word_1_35' title='bbox 206 786 305 834; x_wconf 87' lang='lat' dir='ltr'>delecta</span> <span class='ocrx_word' id='word_1_36' title='bbox 319 787 401 832; x_wconf 87' lang='lat' dir='ltr'>virum</span> <span class='ocrx_word' id='word_1_37' title='bbox 414 785 496 833; x_wconf 87' lang='lat' dir='ltr'>sortiti</span> <span class='ocrx_word' id='word_1_38' title='bbox 512 799 622 846; x_wconf 80' lang='lat' dir='ltr'>corpora</span> <span class='ocrx_word' id='word_1_39' title='bbox 635 784 722 832; x_wconf 73' lang='lat' dir='ltr'>furtiua</span> 
     </span>
     <span class='ocr_line' id='line_1_8' title="bbox 141 873 757 936; baseline -0.003 -15"><span class='ocrx_word' id='word_1_40' title='bbox 141 874 279 923; x_wconf 83' lang='lat' dir='ltr'>includunt</span> <span class='ocrx_word' id='word_1_41' title='bbox 292 889 368 922; x_wconf 85' lang='lat' dir='ltr'>caeco</span> <span class='ocrx_word' id='word_1_42' title='bbox 383 873 455 921; x_wconf 81' lang='lat' dir='ltr'>lateri</span> <span class='ocrx_word' id='word_1_43' title='bbox 469 874 623 936; x_wconf 84' lang='lat' dir='ltr'><strong>penitusque</strong></span> <span class='ocrx_word' id='word_1_44' title='bbox 637 889 757 920; x_wconf 64' lang='lat' dir='ltr'>caverna&gt;</span> 
     </span>
    </p>

    <p class='ocr_par' dir='ltr' id='par_1_4' title="bbox 91 962 773 1024">
     <span class='ocr_line' id='line_1_9' title="bbox 91 962 773 1024; baseline -0.001 -15"><span class='ocrx_word' id='word_1_45' title='bbox 91 967 124 1010; x_wconf 83' lang='lat'>20</span> <span class='ocrx_word' id='word_1_46' title='bbox 142 963 254 1024; x_wconf 88' lang='lat' dir='ltr'>ingentis</span> <span class='ocrx_word' id='word_1_47' title='bbox 269 970 420 1024; x_wconf 88' lang='lat' dir='ltr'>uterumque</span> <span class='ocrx_word' id='word_1_48' title='bbox 434 970 533 1009; x_wconf 83' lang='lat' dir='ltr'>armate</span> <span class='ocrx_word' id='word_1_49' title='bbox 546 963 627 1009; x_wconf 82' lang='lat' dir='ltr'>milite</span> <span class='ocrx_word' id='word_1_50' title='bbox 642 962 773 1024; x_wconf 78' lang='lat' dir='ltr'>conplent.</span> 
     </span>
    </p>

    <p class='ocr_par' dir='ltr' id='par_1_5' title="bbox 142 1051 871 1378">
     <span class='ocr_line' id='line_1_10' title="bbox 177 1051 789 1113; baseline 0 -15"><span class='ocrx_word' id='word_1_51' title='bbox 177 1052 222 1098; x_wconf 84' lang='lat' dir='ltr'>Est</span> <span class='ocrx_word' id='word_1_52' title='bbox 235 1051 261 1097; x_wconf 90' lang='lat' dir='ltr'>in</span> <span class='ocrx_word' id='word_1_53' title='bbox 275 1060 415 1113; x_wconf 85' lang='lat' dir='ltr'>conspeetu</span> <span class='ocrx_word' id='word_1_54' title='bbox 428 1051 555 1109; x_wconf 78' lang='lat' dir='ltr'><strong>Tenedos,</strong></span> <span class='ocrx_word' id='word_1_55' title='bbox 572 1051 707 1098; x_wconf 84' lang='lat' dir='ltr'>notissima</span> <span class='ocrx_word' id='word_1_56' title='bbox 721 1052 789 1098; x_wconf 70' lang='lat' dir='ltr'>fauna</span> 
     </span>
     <span class='ocr_line' id='line_1_11' title="bbox 142 1139 871 1202; baseline 0 -15"><span class='ocrx_word' id='word_1_57' title='bbox 142 1141 242 1198; x_wconf 89' lang='lat' dir='ltr'>insula,</span> <span class='ocrx_word' id='word_1_58' title='bbox 264 1140 332 1187; x_wconf 80' lang='lat' dir='ltr'>dives</span> <span class='ocrx_word' id='word_1_59' title='bbox 351 1154 429 1202; x_wconf 86' lang='lat' dir='ltr'>epum</span> <span class='ocrx_word' id='word_1_60' title='bbox 443 1139 538 1186; x_wconf 81' lang='lat' dir='ltr'>Priami</span> <span class='ocrx_word' id='word_1_61' title='bbox 553 1140 613 1186; x_wconf 82' lang='lat' dir='ltr'>dum</span> <span class='ocrx_word' id='word_1_62' title='bbox 628 1154 708 1200; x_wconf 82' lang='lat' dir='ltr'>regna</span> <span class='ocrx_word' id='word_1_63' title='bbox 721 1141 871 1200; x_wconf 63' lang='lat' dir='ltr'>manebant,</span> 
     </span>
     <span class='ocr_line' id='line_1_12' title="bbox 143 1228 805 1277; baseline 0.002 -2"><span class='ocrx_word' id='word_1_64' title='bbox 143 1243 212 1277; x_wconf 84' lang='lat' dir='ltr'>nunc</span> <span class='ocrx_word' id='word_1_65' title='bbox 225 1235 325 1275; x_wconf 83' lang='lat' dir='ltr'>tantum</span> <span class='ocrx_word' id='word_1_66' title='bbox 338 1228 409 1275; x_wconf 89' lang='lat' dir='ltr'>sinus</span> <span class='ocrx_word' id='word_1_67' title='bbox 422 1235 447 1276; x_wconf 86' lang='lat' dir='ltr'>et</span> <span class='ocrx_word' id='word_1_68' title='bbox 460 1228 536 1276; x_wconf 80' lang='lat' dir='ltr'>statio</span> <span class='ocrx_word' id='word_1_69' title='bbox 550 1229 617 1276; x_wconf 88' lang='lat' dir='ltr'>male</span> <span class='ocrx_word' id='word_1_70' title='bbox 631 1229 681 1275; x_wconf 84' lang='lat' dir='ltr'>fida</span> <span class='ocrx_word' id='word_1_71' title='bbox 696 1229 805 1276; x_wconf 86' lang='lat' dir='ltr'>earinis:</span> 
     </span>
     <span class='ocr_line' id='line_1_13' title="bbox 144 1317 738 1378; baseline -0.002 -14"><span class='ocrx_word' id='word_1_72' title='bbox 144 1317 194 1365; x_wconf 91' lang='lat' dir='ltr'>hue</span> <span class='ocrx_word' id='word_1_73' title='bbox 207 1331 233 1364; x_wconf 88' lang='lat' dir='ltr'>se</span> <span class='ocrx_word' id='word_1_74' title='bbox 246 1318 358 1378; x_wconf 79' lang='lat' dir='ltr'>provecti</span> <span class='ocrx_word' id='word_1_75' title='bbox 373 1318 472 1365; x_wconf 86' lang='lat' dir='ltr'>deserto</span> <span class='ocrx_word' id='word_1_76' title='bbox 486 1317 513 1364; x_wconf 89' lang='lat' dir='ltr'>in</span> <span class='ocrx_word' id='word_1_77' title='bbox 527 1317 602 1365; x_wconf 84' lang='lat' dir='ltr'>litore</span> <span class='ocrx_word' id='word_1_78' title='bbox 616 1318 738 1365; x_wconf 83' lang='lat' dir='ltr'>condunt.</span> 
     </span>
    </p>

    <p class='ocr_par' dir='ltr' id='par_1_6' title="bbox 91 1404 869 1824">
     <span class='ocr_line' id='line_1_14' title="bbox 91 1404 745 1468; baseline -0.002 -15"><span class='ocrx_word' id='word_1_79' title='bbox 91 1411 123 1454; x_wconf 79' lang='lat'>25</span> <span class='ocrx_word' id='word_1_80' title='bbox 144 1420 190 1453; x_wconf 89' lang='lat' dir='ltr'>nes</span> <span class='ocrx_word' id='word_1_81' title='bbox 205 1404 298 1452; x_wconf 85' lang='lat' dir='ltr'>abiisse</span> <span class='ocrx_word' id='word_1_82' title='bbox 312 1406 360 1452; x_wconf 85' lang='lat' dir='ltr'>rati</span> <span class='ocrx_word' id='word_1_83' title='bbox 373 1413 397 1454; x_wconf 84' lang='lat' dir='ltr'>et</span> <span class='ocrx_word' id='word_1_84' title='bbox 410 1414 486 1453; x_wconf 81' lang='lat' dir='ltr'>vente</span> <span class='ocrx_word' id='word_1_85' title='bbox 500 1407 602 1468; x_wconf 83' lang='lat' dir='ltr'>petiisse</span> <span class='ocrx_word' id='word_1_86' title='bbox 615 1407 745 1468; x_wconf 78' lang='lat' dir='ltr'>Mycenas.</span> 
     </span>
     <span class='ocr_line' id='line_1_15' title="bbox 143 1495 740 1557; baseline 0.002 -15"><span class='ocrx_word' id='word_1_87' title='bbox 143 1509 204 1556; x_wconf 74' lang='lat' dir='ltr'>erge</span> <span class='ocrx_word' id='word_1_88' title='bbox 219 1495 301 1541; x_wconf 86' lang='lat' dir='ltr'>omnis</span> <span class='ocrx_word' id='word_1_89' title='bbox 316 1495 395 1557; x_wconf 81' lang='lat' dir='ltr'>longo</span> <span class='ocrx_word' id='word_1_90' title='bbox 409 1495 484 1542; x_wconf 86' lang='lat' dir='ltr'>solvit</span> <span class='ocrx_word' id='word_1_91' title='bbox 497 1510 523 1542; x_wconf 91' lang='lat' dir='ltr'>se</span> <span class='ocrx_word' id='word_1_92' title='bbox 537 1495 647 1542; x_wconf 74' lang='lat' dir='ltr'>Teucria</span> <span class='ocrx_word' id='word_1_93' title='bbox 660 1495 740 1542; x_wconf 88' lang='lat' dir='ltr'>luctu.</span> 
     </span>
     <span class='ocr_line' id='line_1_16' title="bbox 143 1583 783 1646; baseline 0 -16"><span class='ocrx_word' id='word_1_94' title='bbox 143 1583 292 1646; x_wconf 82' lang='lat' dir='ltr'>panduntur</span> <span class='ocrx_word' id='word_1_95' title='bbox 304 1592 403 1646; x_wconf 80' lang='lat' dir='ltr'>portae,</span> <span class='ocrx_word' id='word_1_96' title='bbox 419 1585 488 1632; x_wconf 81' lang='lat' dir='ltr'>iuvat</span> <span class='ocrx_word' id='word_1_97' title='bbox 501 1585 538 1631; x_wconf 87' lang='lat' dir='ltr'>ire</span> <span class='ocrx_word' id='word_1_98' title='bbox 551 1592 576 1631; x_wconf 88' lang='lat' dir='ltr'>et</span> <span class='ocrx_word' id='word_1_99' title='bbox 588 1584 685 1631; x_wconf 86' lang='lat' dir='ltr'>Dorica</span> <span class='ocrx_word' id='word_1_100' title='bbox 699 1591 783 1631; x_wconf 82' lang='lat' dir='ltr'>eastra</span> 
     </span>
     <span class='ocr_line' id='line_1_17' title="bbox 144 1673 758 1734; baseline 0 -15"><span class='ocrx_word' id='word_1_101' title='bbox 144 1673 308 1734; x_wconf 84' lang='lat' dir='ltr'>desertosque</span> <span class='ocrx_word' id='word_1_102' title='bbox 321 1673 407 1721; x_wconf 85' lang='lat' dir='ltr'>videre</span> <span class='ocrx_word' id='word_1_103' title='bbox 420 1674 492 1721; x_wconf 81' lang='lat' dir='ltr'>locos</span> <span class='ocrx_word' id='word_1_104' title='bbox 506 1674 618 1734; x_wconf 86' lang='lat' dir='ltr'>litusque</span> <span class='ocrx_word' id='word_1_105' title='bbox 631 1673 758 1721; x_wconf 81' lang='lat' dir='ltr'>relictum.</span> 
     </span>
     <span class='ocr_line' id='line_1_18' title="bbox 143 1761 869 1824; baseline 0 -16"><span class='ocrx_word' id='word_1_106' title='bbox 143 1761 326 1824; x_wconf 88' lang='lat' dir='ltr'>hieDolopum</span> <span class='ocrx_word' id='word_1_107' title='bbox 339 1778 439 1824; x_wconf 76' lang='lat' dir='ltr'>manus,</span> <span class='ocrx_word' id='word_1_108' title='bbox 456 1763 498 1810; x_wconf 87' lang='lat' dir='ltr'>hic</span> <span class='ocrx_word' id='word_1_109' title='bbox 511 1777 599 1810; x_wconf 84' lang='lat' dir='ltr'>saevos</span> <span class='ocrx_word' id='word_1_110' title='bbox 613 1762 734 1809; x_wconf 78' lang='lat' dir='ltr'>tendebat</span> <span class='ocrx_word' id='word_1_111' title='bbox 743 1761 869 1818; x_wconf 73' lang='lat' dir='ltr'>Achilles,</span> 
     </span>
    </p>

    <p class='ocr_par' dir='ltr' id='par_1_7' title="bbox 91 1850 832 2255">
     <span class='ocr_line' id='line_1_19' title="bbox 91 1850 798 1910; baseline -0.004 -12"><span class='ocrx_word' id='word_1_112' title='bbox 91 1855 124 1898; x_wconf 87' lang='lat'>30</span> <span class='ocrx_word' id='word_1_113' title='bbox 144 1851 269 1898; x_wconf 83' lang='lat' dir='ltr'>elassibus</span> <span class='ocrx_word' id='word_1_114' title='bbox 283 1851 325 1899; x_wconf 86' lang='lat' dir='ltr'>hic</span> <span class='ocrx_word' id='word_1_115' title='bbox 338 1853 419 1910; x_wconf 77' lang='lat' dir='ltr'>leone,</span> <span class='ocrx_word' id='word_1_116' title='bbox 435 1852 477 1900; x_wconf 89' lang='lat' dir='ltr'>hie</span> <span class='ocrx_word' id='word_1_117' title='bbox 491 1851 546 1899; x_wconf 84' lang='lat' dir='ltr'>acie</span> <span class='ocrx_word' id='word_1_118' title='bbox 560 1858 657 1899; x_wconf 83' lang='lat' dir='ltr'>certare</span> <span class='ocrx_word' id='word_1_119' title='bbox 671 1850 798 1897; x_wconf 81' lang='lat' dir='ltr'>solebant.</span> 
     </span>
     <span class='ocr_line' id='line_1_20' title="bbox 143 1939 809 2002; baseline 0 -16"><span class='ocrx_word' id='word_1_120' title='bbox 143 1954 202 2002; x_wconf 85' lang='lat' dir='ltr'>pars</span> <span class='ocrx_word' id='word_1_121' title='bbox 216 1946 300 2002; x_wconf 79' lang='lat' dir='ltr'>stupet</span> <span class='ocrx_word' id='word_1_122' title='bbox 313 1940 436 2002; x_wconf 80' lang='lat' dir='ltr'>innuptae</span> <span class='ocrx_word' id='word_1_123' title='bbox 451 1941 545 1987; x_wconf 77' lang='lat' dir='ltr'>donum</span> <span class='ocrx_word' id='word_1_124' title='bbox 560 1939 665 1987; x_wconf 84' lang='lat' dir='ltr'>exitiale</span> <span class='ocrx_word' id='word_1_125' title='bbox 678 1939 809 1986; x_wconf 81' lang='lat' dir='ltr'>Minervae</span> 
     </span>
     <span class='ocr_line' id='line_1_21' title="bbox 144 2027 832 2091; baseline -0.003 -15"><span class='ocrx_word' id='word_1_126' title='bbox 144 2035 169 2076; x_wconf 82' lang='lat' dir='ltr'>et</span> <span class='ocrx_word' id='word_1_127' title='bbox 181 2029 276 2076; x_wconf 88' lang='lat' dir='ltr'>molem</span> <span class='ocrx_word' id='word_1_128' title='bbox 289 2029 415 2076; x_wconf 83' lang='lat' dir='ltr'>mirantur</span> <span class='ocrx_word' id='word_1_129' title='bbox 430 2029 498 2091; x_wconf 86' lang='lat' dir='ltr'>equi,</span> <span class='ocrx_word' id='word_1_130' title='bbox 514 2029 664 2090; x_wconf 84' lang='lat' dir='ltr'>primusque</span> <span class='ocrx_word' id='word_1_131' title='bbox 677 2027 832 2088; x_wconf 70' lang='lat' dir='ltr'>Thymoetes</span> 
     </span>
     <span class='ocr_line' id='line_1_22' title="bbox 144 2116 727 2174; baseline -0.005 -9"><span class='ocrx_word' id='word_1_132' title='bbox 144 2118 203 2166; x_wconf 89' lang='lat' dir='ltr'>duci</span> <span class='ocrx_word' id='word_1_133' title='bbox 217 2118 285 2165; x_wconf 79' lang='lat' dir='ltr'>intra</span> <span class='ocrx_word' id='word_1_134' title='bbox 298 2133 384 2164; x_wconf 83' lang='lat' dir='ltr'>mures</span> <span class='ocrx_word' id='word_1_135' title='bbox 398 2118 515 2165; x_wconf 86' lang='lat' dir='ltr'>hortatur</span> <span class='ocrx_word' id='word_1_136' title='bbox 528 2124 552 2164; x_wconf 84' lang='lat' dir='ltr'>et</span> <span class='ocrx_word' id='word_1_137' title='bbox 566 2131 624 2164; x_wconf 88' lang='lat' dir='ltr'>aree</span> <span class='ocrx_word' id='word_1_138' title='bbox 638 2116 727 2174; x_wconf 79' lang='lat' dir='ltr'>locari,</span> 
     </span>
     <span class='ocr_line' id='line_1_23' title="bbox 144 2204 757 2255; baseline -0.002 -2"><span class='ocrx_word' id='word_1_139' title='bbox 144 2207 195 2254; x_wconf 87' lang='lat' dir='ltr'>sive</span> <span class='ocrx_word' id='word_1_140' title='bbox 209 2207 270 2254; x_wconf 90' lang='lat' dir='ltr'>dolo</span> <span class='ocrx_word' id='word_1_141' title='bbox 284 2222 330 2255; x_wconf 90' lang='lat' dir='ltr'>seu</span> <span class='ocrx_word' id='word_1_142' title='bbox 343 2207 395 2254; x_wconf 90' lang='lat' dir='ltr'>iam</span> <span class='ocrx_word' id='word_1_143' title='bbox 408 2207 503 2254; x_wconf 81' lang='lat' dir='ltr'>Troiae</span> <span class='ocrx_word' id='word_1_144' title='bbox 516 2206 553 2252; x_wconf 87' lang='lat' dir='ltr'>sie</span> <span class='ocrx_word' id='word_1_145' title='bbox 566 2205 620 2252; x_wconf 84' lang='lat' dir='ltr'>fata</span> <span class='ocrx_word' id='word_1_146' title='bbox 632 2204 757 2252; x_wconf 70' lang='lat' dir='ltr'>suebant.</span> 
     </span>
    </p>

    <p class='ocr_par' dir='ltr' id='par_1_8' title="bbox 91 2294 814 2447">
     <span class='ocr_line' id='line_1_24' title="bbox 91 2294 768 2358; baseline -0.006 -15"><span class='ocrx_word' id='word_1_147' title='bbox 91 2300 124 2344; x_wconf 84' lang='grc'>35</span> <span class='ocrx_word' id='word_1_148' title='bbox 144 2303 170 2343; x_wconf 83' lang='lat' dir='ltr'>at</span> <span class='ocrx_word' id='word_1_149' title='bbox 184 2294 268 2358; x_wconf 73' lang='lat' dir='ltr'>Capys</span> <span class='ocrx_word' id='word_1_150' title='bbox 283 2303 308 2343; x_wconf 78' lang='lat' dir='ltr'>et</span> <span class='ocrx_word' id='word_1_151' title='bbox 321 2311 431 2358; x_wconf 87' lang='lat' dir='ltr'>quorum</span> <span class='ocrx_word' id='word_1_152' title='bbox 445 2295 537 2342; x_wconf 81' lang='lat' dir='ltr'>melier</span> <span class='ocrx_word' id='word_1_153' title='bbox 549 2294 675 2342; x_wconf 83' lang='lat' dir='ltr'>sententia</span> <span class='ocrx_word' id='word_1_154' title='bbox 691 2294 768 2340; x_wconf 88' lang='lat' dir='ltr'>menti</span> 
     </span>
     <span class='ocr_line' id='line_1_25' title="bbox 144 2382 814 2447; baseline -0.006 -15"><span class='ocrx_word' id='word_1_155' title='bbox 144 2391 189 2432; x_wconf 84' lang='lat' dir='ltr'>aut</span> <span class='ocrx_word' id='word_1_156' title='bbox 201 2385 295 2447; x_wconf 83' lang='lat' dir='ltr'>pelago</span> <span class='ocrx_word' id='word_1_157' title='bbox 309 2384 429 2431; x_wconf 88' lang='lat' dir='ltr'>Danaum</span> <span class='ocrx_word' id='word_1_158' title='bbox 442 2384 549 2431; x_wconf 87' lang='lat' dir='ltr'>insidias</span> <span class='ocrx_word' id='word_1_159' title='bbox 563 2390 731 2444; x_wconf 75' lang='lat' dir='ltr'>suspectaque</span> <span class='ocrx_word' id='word_1_160' title='bbox 746 2382 814 2429; x_wconf 88' lang='lat' dir='ltr'>dena</span> 
     </span>
    </p>
   </div>
   <div class='ocr_carea' id='block_1_3' title="bbox 144 2471 811 2538">
    <p class='ocr_par' dir='ltr' id='par_1_9' title="bbox 144 2471 811 2538">
     <span class='ocr_line' id='line_1_26' title="bbox 144 2471 811 2538; baseline -0.007 -16"><span class='ocrx_word' id='word_1_161' title='bbox 144 2473 314 2538; x_wconf 81' lang='lat' dir='ltr'>praecipitare</span> <span class='ocrx_word' id='word_1_162' title='bbox 327 2472 416 2520; x_wconf 88' lang='lat' dir='ltr'>iubent</span> <span class='ocrx_word' id='word_1_163' title='bbox 428 2473 601 2534; x_wconf 79' lang='lat' dir='ltr'>subiectisque</span> <span class='ocrx_word' id='word_1_164' title='bbox 615 2485 688 2518; x_wconf 84' lang='lat' dir='ltr'>urere</span> <span class='ocrx_word' id='word_1_165' title='bbox 701 2471 811 2518; x_wconf 84' lang='lat' dir='ltr'>iinnunis</span> 
     </span>
    </p>
   </div>
   <div class='ocr_carea' id='block_1_4' title="bbox 116 2559 815 2710">
    <p class='ocr_par' dir='ltr' id='par_1_10' title="bbox 116 2559 815 2710">
     <span class='ocr_line' id='line_1_27' title="bbox 137 2559 811 2622; baseline -0.003 -14"><span class='ocrx_word' id='word_1_166' title='bbox 137 2569 188 2608; x_wconf 77' lang='lat' dir='ltr'>ant</span> <span class='ocrx_word' id='word_1_167' title='bbox 198 2561 330 2610; x_wconf 71' lang='lat' dir='ltr'>terebrare</span> <span class='ocrx_word' id='word_1_168' title='bbox 344 2577 419 2610; x_wconf 80' lang='lat' dir='ltr'>cavas</span> <span class='ocrx_word' id='word_1_169' title='bbox 435 2563 499 2610; x_wconf 81' lang='lat' dir='ltr'>uten&#39;</span> <span class='ocrx_word' id='word_1_170' title='bbox 513 2569 537 2610; x_wconf 79' lang='lat' dir='ltr'>et</span> <span class='ocrx_word' id='word_1_171' title='bbox 551 2567 676 2622; x_wconf 81' lang='lat' dir='ltr'>temptare</span> <span class='ocrx_word' id='word_1_172' title='bbox 690 2559 811 2608; x_wconf 74' lang='lat' dir='ltr'>latebras.</span> 
     </span>
     <span class='ocr_line' id='line_1_28' title="bbox 116 2648 815 2710; baseline 0.004 -20"><span class='ocrx_word' id='word_1_173' title='bbox 116 2648 257 2697; x_wconf 75' lang='lat' dir='ltr'>scinditur</span> <span class='ocrx_word' id='word_1_174' title='bbox 266 2650 404 2703; x_wconf 76' lang='lat' dir='ltr'>incertam</span> <span class='ocrx_word' id='word_1_175' title='bbox 419 2655 509 2704; x_wconf 85' lang='lat' dir='ltr'>studia</span> <span class='ocrx_word' id='word_1_176' title='bbox 523 2655 551 2703; x_wconf 93' lang='lat' dir='ltr'>in</span> <span class='ocrx_word' id='word_1_177' title='bbox 567 2651 701 2703; x_wconf 67' lang='lat' dir='ltr'>cenitana</span> <span class='ocrx_word' id='word_1_178' title='bbox 710 2648 815 2710; x_wconf 58' lang='lat' dir='ltr'>suiuus.</span> 
     </span>
    </p>
   </div>
   <div class='ocr_carea' id='block_1_5' title="bbox 0 0 908 2956">
    <p class='ocr_par' dir='ltr' id='par_1_11' title="bbox 0 0 908 2956">
     <span class='ocr_line' id='line_1_29' title="bbox 0 0 908 2956; baseline 0 0"><span class='ocrx_word' id='word_1_179' title='bbox 0 0 908 2956; x_wconf 95' lang='lat' dir='ltr'> </span> 
     </span>
    </p>
   </div>
  </div>
 </body>
</html>
