1808 2956
59 168 97 215 26
298 178 324 217 P.
341 178 463 217 VERGILI
483 178 613 218 MARONIS

18 344 23 357 ·
75 339 108 382 20
128 334 175 382 hoo
190 334 320 397 Corydon,
336 336 395 383 illos
408 335 533 382 referebat
546 336 572 382 in
586 336 675 383 ordine
689 336 806 397 Thyrsis.

165 440 188 470 c.
211 423 353 486 anrphnc,
368 432 543 483 nosteranror,
557 424 728 482 Libethrides,
744 427 834 472 autmi]

431 527 533 561 carmen

130 602 206 664 quale
219 616 276 650 meo
291 601 377 650 Codro
392 602 524 650 concedite
538 602 678 664 (proxumo
690 603 789 651 Phoebi

129 691 243 738 versibus
256 691 300 739 ille
314 689 401 753 saeit);
417 697 468 746 aut,
485 690 505 736 si
520 705 571 737 non
585 706 721 752 possumus
735 707 833 751 omnes,

130 779 172 827 hie
186 788 277 840 arguta
289 794 363 827 erre-ra
375 779 498 841 pendebit
510 779 595 826 fistulo
608 783 680 841 pinu.

77 872 110 916 25
130 884 154 915 r.
175 868 302 926 Pastores,
318 868 413 914 hedera
426 876 574 915 nascentem
588 876 677 915 orrrnte
691 877 803 929 poetam,

131 957 254 1014 Arcades,
270 955 367 1002 inridier
379 964 531 1018 rumpantur
543 965 571 1003 ut
584 957 629 1003 ilirr
643 956 745 1014 Codro3

130 1052 182 1102 aut,
198 1044 218 1090 si
233 1044 300 1091 ultra
313 1044 436 1106 placitum
450 1045 570 1103 laudarit,
588 1045 713 1093 boeclrare
728 1047 834 1094 lrontcrr

131 1133 234 1194 cingite,
251 1147 283 1180 ne
296 1133 346 1179 voti
360 1141 452 1181 noceat
465 1135 534 1180 malo
546 1135 637 1195 lingna
652 1135 747 1180 futuro.

166 1235 190 1267 c.
213 1219 312 1268 Saetosi
328 1229 404 1284 eaput
417 1222 466 1270 hoe
480 1224 535 1285 apri
549 1223 603 1281 tibi,
619 1223 704 1282 Delia,
725 1238 817 1286 parvos

78 1315 111 1357 30
131 1317 156 1357 et
168 1324 271 1356 ramosa
284 1310 371 1359 Micon
385 1310 478 1360 vivacis
492 1327 589 1360 cornua
603 1312 678 1360 cervi.

131 1398 152 1445 si
166 1399 298 1460 proprium
311 1398 361 1447 hoe
375 1399 459 1458 fuerit,
474 1402 522 1449 leri
538 1402 568 1449 de
582 1415 709 1448 marmore
723 1407 777 1447 lota

130 1487 240 1549 puniceo
254 1487 333 1535 stabis
345 1503 417 1536 suras
432 1490 531 1537 evineta
544 1490 679 1537 cothurno.

131 1591 154 1622 r.
177 1574 268 1623 Sinum
281 1577 354 1624 laetis
366 1585 391 1625 et
401 1574 465 1625 haee
478 1585 502 1625 te
514 1577 574 1635 libe,
591 1578 691 1639 Priape,
709 1585 772 1639 quot
785 1593 834 1624 nnn

134 1673 270 1727 expectare
283 1674 323 1714 snt
335 1675 388 1715 est:
409 1673 493 1714 eustos
507 1681 533 1714 es
547 1667 666 1728 pauperis
681 1666 756 1713 horti.

78 1756 111 1800 35
132 1768 200 1802 nunc
213 1761 237 1802 te
251 1769 423 1803 marmoreum
436 1768 482 1815 pro
496 1761 610 1815 ternpore
624 1754 747 1811 secirnus;
763 1761 789 1800 nt
802 1763 834 1801 tu,

131 1843 152 1889 si
166 1843 248 1891 fetura
260 1859 366 1906 gregem
378 1842 541 1903 suppleverit,
557 1856 649 1888 eureus
663 1848 726 1888 esto.

167 1946 191 1979 c.
213 1932 308 1981 Nerine
322 1930 440 1987 Galatea,
456 1929 543 1989 thyino
557 1929 619 1974 mihi
635 1927 735 1974 dulcior
748 1927 831 1988 Hybla

132 2020 268 2068 candidior
281 2018 375 2080 cycnis,
392 2016 488 2064 hedera
501 2015 638 2062 formosior
651 2013 719 2070 albe,

132 2122 190 2156 cnm
204 2107 314 2170 primurn
327 2104 394 2167 posti
407 2110 523 2165 repetent
535 2103 669 2165 praesepia
682 2103 757 2162 tauri,

80 2201 113 2243 40
132 2195 208 2257 siqua
221 2195 255 2242 tui
271 2193 416 2255 Corydonis
430 2191 508 2240 habet
520 2200 545 2239 te
558 2207 627 2250 eura,
643 2192 737 2240 venito.

131 2299 155 2332 r.
176 2284 259 2331 lmrno
272 2297 321 2344 ego
332 2281 465 2330 Sardoniis
478 2282 566 2330 videor
578 2282 624 2330 tibi
638 2284 749 2330 amarior
762 2284 833 2332 herbi

132 2372 261 2419 horridior
274 2387 358 2431 rusco,
374 2372 490 2435 proiecta
502 2372 577 2419 vilior
593 2374 661 2434 algo,

133 2461 154 2508 si
167 2460 230 2507 mihi
245 2475 296 2508 non
310 2461 374 2510 hirec
387 2463 433 2510 lux
445 2469 499 2509 toto
512 2462 565 2509 ianr
578 2462 682 2523 longior
695 2470 796 2509 annost.

132 2548 167 2597 ite
181 2549 286 2597 domum
298 2552 374 2614 pasti,
389 2551 469 2614 siquis
482 2551 574 2613 pudor,
589 2551 624 2599 ite
637 2551 746 2598 iuvenci.

80 2642 113 2686 45
169 2653 194 2687 c.
211 2639 328 2690 Muscosi
341 2640 425 2692 sontes
438 2648 463 2688 et
475 2655 567 2691 somno
580 2640 685 2692 mollior
698 2640 778 2691 herba
