1808 2956
258 179 427 221 eudaemon
444 183 531 221 LIBER
545 185 584 223 1v.
758 178 813 226 117

89 345 207 400 pastores
220 345 246 386 et
258 352 335 386 curva
348 339 437 400 legunt
450 354 529 401 prope
543 340 649 390 flumina
661 343 770 392 Mellae:

91 427 169 475 huius
182 426 291 475 odorato
304 427 404 476 radices
416 429 528 489 incoque
540 428 645 477 Baccho

46 517 72 563 80
91 515 240 578 pabulaque
252 515 279 563 in
292 515 389 563 loribus
402 517 486 579 plenis
500 517 601 578 adpone
615 519 740 567 canistris.

127 602 178 652 Sed
192 603 292 666 siquem
305 605 390 667 proles
404 605 488 652 subito
503 606 625 655 defecerit
637 607 719 654 omnis

91 706 139 740 nec
151 706 233 754 genas
246 693 314 740 unde
327 708 408 740 novae
421 695 506 756 stirpis
520 703 651 743 revocetur
663 695 776 754 habebit,

91 788 192 843 tempus
206 788 231 828 et
243 781 349 829 Arcadii
362 783 530 830 memoranda
542 783 645 831 inventa
658 785 773 844 magistri

90 870 215 934 pandere,
231 885 333 933 quoque
347 871 424 917 modo
439 871 519 918 caesis
532 873 584 918 iam
597 886 672 933 saepe
685 872 797 919 iuvencis

46 961 72 1006 85
91 958 237 1009 insincerus.
250 974 311 1022 apes
324 959 412 1008 tulerit
425 974 508 1006 cruor.
538 960 615 1006 altius
630 975 731 1007 omnem

91 1047 229 1109 expediam
243 1048 325 1109 prima
338 1055 455 1110 repetens
470 1047 501 1095 ab
516 1047 616 1108 origine
630 1047 734 1095 samam.

91 1150 153 1183 nam
166 1150 219 1197 qua
231 1135 329 1183 Pellaei
343 1150 405 1196 gens
419 1136 550 1183 fortunata
564 1134 664 1197 Canopi

47 1212 54 1225 '
92 1223 188 1272 accolit
200 1221 282 1270 effuso
296 1229 460 1283 stagnantem
472 1222 577 1270 flumine
590 1222 677 1270 Nilum

92 1318 117 1359 et-
130 1311 227 1359 circum
240 1310 316 1373 pictis
328 1310 429 1358 vehitur
442 1326 489 1358 sua
501 1326 561 1358 rura
574 1311 696 1373 phaselis,

47 1402 77 1446 90
96 1414 200 1462 quaque
213 1399 376 1461 pharetratae
389 1399 484 1446 vicinia
496 1398 608 1446 Persidis
621 1407 714 1460 urguet

96 1495 122 1536 et
133 1488 241 1536 viridem
254 1488 401 1551 Aegyptum
414 1487 489 1548 nigra
502 1487 624 1534 secundat
636 1487 733 1534 harena

96 1584 121 1624 et
134 1577 235 1624 diversa
248 1589 323 1623 ruens
337 1583 434 1637 septem
450 1575 568 1622 discurrit
580 1575 607 1621 in
621 1589 666 1621 ora

96 1679 178 1728 usque
191 1664 313 1712 coloratis
327 1664 409 1712 amnis
423 1665 534 1711 devexus
549 1661 579 1709 ab
593 1661 674 1719 Indis,

97 1754 181 1801 omnis
195 1754 221 1800 in
235 1753 284 1801 hac
298 1759 392 1800 certam
406 1752 477 1813 regio
491 1751 552 1799 iacit
566 1758 619 1797 arto
632 1751 750 1797 salntem.

46 1847 77 1890 95
98 1842 207 1903 exiguos
221 1842 332 1904 primum
346 1849 422 1902 atquc
434 1841 504 1902 ipsos
519 1847 664 1887 contractus
679 1839 710 1886 ad
726 1852 785 1884 usus

97 1931 202 1991 eligitur
216 1931 303 1978 locus:
325 1930 394 1976 hunc
408 1928 563 1988 angustique
576 1927 681 1974 imbrice
695 1927 754 1973 tccti

97 2019 290 2081 parietibusque
303 2024 423 2081 prcnmnt
436 2015 496 2063 artis
511 2022 536 2062 et
548 2023 671 2076 quattuor
683 2014 790 2071 addunt,

98 2114 221 2170 quattuor
234 2122 250 2154 a
261 2106 342 2154 ventis
356 2105 463 2166 obliqua
476 2105 533 2152 luce
546 2103 677 2151 fenestras.

99 2203 153 2242 tum
165 2195 260 2242 vitulus
274 2195 344 2242 bima
358 2207 464 2241 curvans
478 2193 529 2238 iarn
544 2205 640 2239 cornua
653 2191 737 2237 fronte

46 2289 79 2332 00
99 2284 245 2347 quaeritur:
267 2283 328 2331 huic
340 2282 458 2343 geminae
471 2295 545 2327 nares
559 2288 584 2327 et
597 2280 700 2341 spiritus
714 2278 765 2324 oris

99 2373 183 2420 multa
195 2371 331 2419 reluctanti
346 2370 486 2417 obstruitur
498 2369 635 2432 plagisque
648 2373 780 2428 perempto

100 2468 176 2508 tunsa
189 2473 234 2522 per
246 2460 373 2520 integram
386 2459 519 2505 solvontur
531 2457 629 2504 viscora
642 2455 748 2518 pellem.

101 2549 138 2596 sic
151 2548 263 2610 positum
275 2547 302 2594 in
317 2547 405 2596 clauso
421 2547 527 2598 lincunt
539 2556 566 2598 et
578 2561 676 2597 carnea
687 2544 772 2594 costis

89 2633 220 2682 subiciunt
230 2633 394 2700 fragmenta,
412 2640 541 2710 thymum
557 2641 712 2705 casiasque
723 2622 863 2680 recredi)bx
