1808 2956
273 208 421 248 nsnsroos
442 210 528 247 urana
547 210 589 248 rx.
769 202 828 248 405

50 371 82 412 10
103 372 264 427 comportare
277 364 347 412 iuvat
360 366 469 426 praedas
483 374 508 413 et
520 365 603 413 vivere
616 374 699 427 rapto.

101 453 173 499 vobis
186 454 255 515 picta
269 467 344 501 croco
359 462 384 501 et
397 453 505 514 fulgenti
520 454 617 502 murice
630 454 716 513 vestis,

103 541 216 589 desidiae
230 542 311 599 cordi,
327 542 397 590 iuvat
410 542 545 603 indulgere
559 542 669 600 choreis,

102 637 127 677 et
139 630 241 678 tunicae
255 631 371 678 manicas
385 639 410 678 et
422 630 519 678 hahent
531 630 684 678 redimicula
696 630 796 678 mitrae.

102 732 117 763 0
130 733 187 765 vere
200 718 337 781 Phrygiae,
353 733 437 780 neque
450 719 519 766 enim
532 718 655 779 Phryges,
671 719 704 766 ite
718 733 763 780 per
777 720 831 766 alta

50 811 81 852 15
101 805 240 867 Dindyma,
256 807 300 852 ubi
314 807 426 854 adsuetis
440 807 549 855 biforem
563 807 607 854 dat
620 806 683 853 tibia
697 812 809 853 cantum.

101 900 224 956 tympana
236 909 281 942 vos
295 895 429 957 buxusque
443 903 518 943 vocat
530 894 682 956 Berecyntia
694 894 784 941 Matris

101 982 210 1029 Idaeae:
232 983 308 1031 sinite
322 999 394 1031 arma
407 984 466 1032 viris
481 991 505 1031 et
519 984 601 1032 cedite
614 974 699 1030 ferro.¹

137 1069 214 1117 Talia
226 1070 364 1120 iactantem
378 1073 452 1121 dictis
466 1088 496 1120 ac
510 1073 566 1119 dira
579 1078 714 1124 canentem

102 1172 155 1204 non
168 1158 226 1205 tulit
238 1159 374 1219 Ascanius,
390 1175 519 1222 nervoque
533 1160 654 1208 obversus
668 1159 765 1221 equino

49 1250 82 1292 20
103 1247 235 1294 contendit
246 1249 326 1295 telum
340 1241 491 1311 diversaque
504 1248 625 1297 bracchia
639 1249 735 1295 ducens

102 1335 223 1394 constitit,
239 1344 299 1385 ante
311 1337 397 1385 Iovem
411 1338 521 1400 supplex
533 1351 579 1399 per
592 1344 651 1383 vota
664 1343 791 1398 precatus.

98 1414 224 1486 ‘Iuppiter
237 1426 409 1486 omnipotens,
425 1425 566 1473 audacibus
579 1425 663 1471 adnue
677 1424 784 1486 coeptis.

100 1513 155 1574 ipse
169 1513 214 1558 tibi
229 1514 260 1559 ad
275 1521 319 1560 tua
332 1514 429 1574 templa
441 1513 521 1560 feram
535 1512 672 1560 sollemnia
685 1513 754 1558 dona

102 1607 125 1646 et
139 1608 249 1646 statuam
263 1609 322 1647 ante
335 1616 392 1647 aras
407 1607 497 1647 aurata
509 1598 593 1646 fronte
606 1599 751 1656 iuvencum,

48 1692 80 1733 25
102 1687 256 1733 candentem
268 1688 414 1749 pariterque
428 1695 505 1747 capnt
518 1701 576 1733 cum
589 1693 670 1733 matre
683 1686 815 1744 serentem,

101 1775 152 1820 iam
171 1788 251 1821 cornu
269 1782 339 1836 petat
352 1785 376 1823 et
389 1775 496 1837 pedibus
511 1774 554 1835 qui
568 1781 673 1836 spargat
686 1766 830 1822 harenam.’

102 1863 184 1909 audiit
197 1870 221 1910 et
235 1864 298 1910 caeli
312 1863 414 1924 genitor
427 1863 458 1909 de
471 1869 543 1923 parte
556 1876 648 1910 serena

101 1951 213 1998 intonuit
226 1951 335 2008 laevom,
351 1957 426 1997 sonat
440 1965 491 1997 una
503 1950 589 1998 fatifer
602 1964 685 1998 arcus.

101 2040 190 2100 effugit
204 2039 361 2086 horrendum
375 2038 485 2086 stridens
499 2039 611 2087 adducta
623 2039 717 2100 sagitta

48 2135 81 2176 30
100 2143 197 2190 perque
211 2136 289 2190 caput
301 2127 402 2175 Remuli
416 2128 486 2174 venit
501 2135 526 2176 et
539 2143 601 2175 cava
614 2135 731 2189 tempora
743 2127 811 2175 ferro

101 2218 193 2264 traicit.
218 2206 247 2274 ‘i,
264 2216 345 2264 verbis
359 2216 477 2263 virtutem
490 2216 579 2264 inlude
592 2215 722 2278 superbis!

99 2305 137 2351 his
151 2306 218 2366 capti
228 2304 342 2366 Phryges
356 2303 528 2352 haecRutnlis
541 2319 664 2366 responsa
677 2296 830 2351 remittunt.'

100 2394 149 2440 hoc
162 2400 262 2439 tantum
275 2393 419 2440 Ascanius:
441 2393 534 2440 Teucri
549 2393 661 2440 clamore
674 2399 797 2440 secuntur·

100 2482 251 2542 laetitiaque
265 2482 376 2528 fremunt
389 2482 541 2543 animosque
555 2482 587 2528 ad
601 2482 686 2529 sidera
701 2481 806 2528 tollunt.

48 2576 78 2619 35
100 2569 213 2616 aetheria
227 2579 281 2616 tum
295 2569 360 2617 sorte
373 2570 452 2631 plaga
465 2570 572 2618 crinitus
587 2569 688 2631 Apollo

97 2659 206 2719 desuper
218 2659 352 2709 Ausonias
368 2660 440 2710 acies
454 2660 610 2721 urbemque
621 2653 751 2703 ardenam
