1808 2956
71 143 130 189 232
309 151 335 188 e.
353 150 474 189 vanornr
494 148 625 188 Minonis

69 313 119 356 295
138 307 249 370 imperio
264 307 324 355 laeti
338 314 430 369 parent
442 322 472 355 ac
485 307 556 354 iussa
568 306 706 354 facessunt.

175 397 211 444 At
223 396 314 456 regina
327 396 401 443 dolos
415 394 484 457 (quis
498 395 587 442 fallere
600 396 680 456 possit
694 399 856 460 anrurrteml)

132 485 282 548 ,praesensit
293 492 430 546 motusque
444 484 545 546 excepit
557 484 640 545 prima
653 483 763 543 futuros,

139 574 227 621 omnia
239 580 294 620 tnta
307 574 408 620 timens.
436 573 526 620 eadem
539 573 618 633 impia
630 572 711 618 Fama
723 572 821 622 furenti

141 662 233 710 detulit
246 662 339 709 armari
354 662 463 709 classem
477 675 631 721 cursumque
644 661 738 722 parari.

69 756 120 798 ³00
140 751 220 798 saevit
233 751 308 813 inops
321 750 401 797 animi
415 755 547 811 totamque
560 750 667 796 incensa
680 763 726 810 per
738 751 832 798 urbcm

138 839 288 897 bacchatur,
305 839 388 900 qualis
402 838 537 886 commotis
551 838 635 885 excita
648 838 726 885 sacris

139 928 245 990 Thyias,
261 927 305 974 ubi
320 927 408 996 audito
423 927 557 974 stimulant
569 926 697 974 trieterica
710 927 818 976 Baccho

139 1017 213 1078 orgia
224 1024 418 1077 nocturnusque
430 1022 505 1062 vocat
518 1016 631 1063 clamore
645 1014 795 1062 Cithaeron.

139 1106 244 1152 tandem
257 1103 297 1150 his
310 1104 418 1151 Aenean
432 1104 572 1166 compellat
584 1104 688 1151 vocibus
701 1105 780 1151 ultro.

68 1199 118 1241 ³05
171 1184 353 1239 ‘Dissimulare
367 1191 443 1238 etiam
457 1192 574 1252 sperasti,
590 1192 695 1253 perfido,
712 1198 813 1239 tunt-uni

137 1295 213 1344 posse
226 1279 298 1327 nefas
312 1280 456 1341 tacitusque
469 1295 527 1328 mea
541 1281 664 1328 decedere
677 1280 762 1328 terra?

138 1385 186 1418 neo
200 1376 224 1416 te
237 1375 325 1415 noster
337 1382 410 1415 amor
423 1383 470 1416 nec
483 1376 508 1416 te
522 1369 582 1417 data
596 1370 701 1416 dextera
714 1370 850 1430 quondam

139 1472 186 1506 nec
199 1457 324 1505 moritura
337 1464 406 1505 tenet
419 1457 517 1505 crudeli
531 1458 619 1506 funere
633 1457 720 1504 Dido?

139 1547 202 1610 quin
215 1546 292 1594 etiam
305 1545 413 1592 hiberno
427 1547 525 1594 moliris
539 1547 622 1594 sidere
636 1547 744 1594 classem

68 1642 119 1684 ³10
139 1644 164 1685 et
175 1636 266 1684 mediis
279 1648 403 1697 properas
417 1635 582 1696 aquilonibus
595 1636 632 1682 ire
645 1650 690 1696 per
704 1635 794 1691 altum,

139 1724 267 1773 crudelis?
287 1723 368 1785 quid?
387 1723 408 1770 si
423 1738 476 1771 non
489 1739 549 1771 arva
563 1724 648 1773 aliena
661 1723 805 1785 domosque

138 1814 240 1875 ignotus
254 1820 353 1875 peteres
367 1818 392 1859 et
404 1812 485 1859 Troia
498 1813 605 1874 antiqua
618 1818 741 1868 maneret,

138 1901 219 1948 Troia
231 1915 277 1963 per
290 1901 419 1947 undosum
432 1908 561 1962 peteretur
574 1900 698 1948 classibus
711 1901 828 1960 aequor?

138 2003 212 2037 mene
236 1989 322 2050 fugis?
346 2003 392 2052 per
416 2003 465 2050 ego
489 1989 535 2036 has
560 1989 678 2037 lacrimas
699 1988 870 2053 dextramque

438 2087 509 2125 tuam
523 2085 547 2125 te

67 2171 117 2214 315
138 2165 255 2228 (quando
264 2166 333 2213 aliud
346 2167 409 2214 mihi
421 2167 473 2214 iam
486 2168 594 2214 miserae
607 2165 672 2212 nihil
685 2166 866 2232 ipsarohqui),

137 2269 183 2316 per
197 2255 309 2326 conubia
321 2263 418 2314 nostra,
434 2270 480 2318 per
492 2256 608 2317 inceptos
623 2255 787 2317 hymenaeos,
857 2269 860 2277 “

138 2343 159 2390 si
173 2343 238 2391 bene
251 2345 312 2405 quid
328 2345 359 2392 de
373 2351 397 2392 te
410 2345 501 2402 merui,
517 2343 566 2391 fuit
579 2353 624 2391 aut
637 2344 682 2391 tibi
698 2344 838 2406 quicquam

139 2431 214 2479 dulce
226 2446 321 2491 meum,
337 2433 457 2480 miserere
471 2433 562 2479 domus
576 2433 685 2481 labentis
700 2441 725 2481 ot
737 2434 822 2493 istam,

138 2534 193 2578 oro,
209 2520 289 2582 siquis
303 2520 388 2568 adhuc
400 2520 519 2583 precibus
532 2522 612 2581 locus,
629 2536 694 2570 exue
707 2530 828 2570 mentem.

53 2611 110 2654 320
128 2615 275 2672 eapropter
285 2590 403 2675 Libyeae
416 2618 510 2674 gentes
521 2609 728 2669 Nomadumque
737 2611 846 2667 terame
