1808 2956
270 136 439 179 eeoadrcorl
457 136 544 178 nmen
561 138 581 178 1.

97 295 214 357 stivaque
226 309 294 357 quae
307 310 394 343 currus
409 310 424 343 a
437 301 509 356 tergo
523 301 641 357 torqueat
653 294 728 353 imos,

50 388 76 430 l5
97 389 123 430 et
134 397 260 445 suspense
272 383 336 431 iocis
349 384 468 446 explorat
479 384 574 432 robora
586 384 680 431 sumus.

132 470 243 517 Possum
255 471 338 519 multa
350 471 396 518 tibi
408 478 521 520 veterum
534 479 671 535 praecepta
683 471 786 528 referre,

97 559 124 605 ni
136 557 234 618 refugis
247 559 382 620 tenuisque
394 560 466 622 piget
478 574 635 623 cognoscere
648 574 731 608 curas.

98 660 159 694 area
172 646 331 707 cumprimis
344 647 442 707 ingenti
456 649 593 710 aequande
606 647 724 709 cylindro

97 742 123 782 et
135 734 258 783 vertenda
270 748 349 781 manu
362 741 387 783 et
400 741 470 782 creta
483 736 621 783 solidanda
635 736 728 793 tenaci,

50 829 77 872 30
97 837 130 871 ne
144 822 253 870 subeant
265 821 360 870 herbae
372 837 422 870 neu
436 824 539 884 pulvere
551 824 618 871 victa
629 823 739 882 fatiscat,

97 918 153 958 tum
165 910 251 958 variae
264 910 384 958 inludant
396 917 494 972 pestes:
510 924 587 972 saepe
600 911 708 972 exiguus
721 926 778 959 mus

97 999 145 1046 sub
159 998 233 1047 terris
245 999 382 1061 posuitque
396 999 487 1046 domos
501 1006 577 1060 atquc
590 999 683 1046 horrea
695 1000 763 1059 fecit,

97 1095 143 1135 aut
156 1087 239 1135 oculis
253 1087 321 1150 capti
334 1087 421 1134 fodere
435 1087 532 1134 cubilia
544 1086 639 1150 talpae,

97 1177 269 1237 inventusque
283 1175 350 1222 cavis
364 1174 425 1222 bufo
440 1182 465 1223 et
477 1189 543 1237 quae
556 1175 668 1238 plurima
680 1183 763 1222 terrae

50 1267 78 1311 85
98 1263 324 1322 mansuescerent,
344 1263 503 1326 populatque
520 1264 650 1325 ingentem
668 1263 743 1319 serris
757 1277 825 1310 acer·

401 1365 460 1398 vom

98 1439 218 1488 curculio
232 1445 309 1502 atque
320 1439 394 1501 inopi
407 1447 522 1487 metuens
536 1438 644 1487 formica
656 1446 783 1486 correctae.

100 1527 290 1589 contemplator
303 1528 372 1586 item,
389 1542 447 1575 cum
461 1541 487 1574 se
501 1542 554 1574 nux
568 1526 680 1590 plurima
693 1527 763 1574 silvis

100 1616 191 1663 induet
202 1615 230 1661 in
243 1615 332 1664 florem
346 1624 371 1665 ct
382 1630 467 1663 ramos
482 1615 598 1663 curvabit
610 1616 723 1663 olentes:

99 1704 120 1752 si
134 1709 258 1765 superant
270 1702 344 1762 fetus,
360 1704 456 1766 pariter
468 1704 597 1750 frumenta
609 1709 748 1764 sequentur

50 1795 81 1838 90
100 1806 248 1852 magnaque
262 1806 320 1839 eum
332 1806 428 1853 magno
441 1792 526 1840 veniet
539 1791 629 1838 tritura
643 1791 745 1850 calorc;

101 1887 128 1927 at
139 1880 162 1926 si
175 1879 280 1928 luxuria
291 1879 415 1928 foliorum
427 1880 552 1928 exuberat
563 1879 662 1938 umbra,

101 1967 261 2030 nequiquam
273 1968 377 2030 pinguis
391 1969 467 2030 palca
479 1976 544 2016 teret
557 1982 616 2016 area
629 1968 737 2015 culmos.

100 2055 201 2104 semina
213 2055 265 2102 vidi
278 2056 398 2118 equidem
411 2057 506 2104 multos
519 2056 648 2104 medicare
661 2063 773 2102 serentes

101 2151 126 2192 et
138 2144 207 2191 nitro
220 2143 291 2206 prius
304 2150 329 2192 et
341 2145 416 2204 nigra
428 2145 581 2207 perfundere
595 2158 710 2204 amurgn,

50 2236 81 2279 95
100 2232 227 2293 grandior
238 2237 267 2278 ut
280 2231 345 2279 fetus
358 2232 459 2294 siliquis
472 2231 609 2280 fallacibus
623 2239 689 2280 esset

101 2327 127 2368 et
138 2320 257 2382 quamvis
269 2319 324 2381 igni
337 2320 432 2381 exiguo
445 2327 584 2382 properata
596 2320 737 2367 maderent.

100 2408 153 2456 vidl
166 2408 235 2455 lecta
247 2407 291 2455 diu
305 2415 330 2456 et
342 2408 424 2456 multo
438 2414 554 2470 spectata
566 2408 655 2456 labore

101 2496 259 2557 degenerare
273 2502 368 2554 temen,
383 2495 410 2542 ni
422 2496 459 2542 vis
473 2495 587 2543 humana
600 2502 663 2556 quot
676 2496 750 2543 annis

101 2584 217 2632 maxima
231 2598 348 2647 quaeque
360 2598 440 2631 manu
453 2582 557 2644 legeret.
586 2583 623 2631 sic
636 2583 804 2630 emniaiat‘xs
