1808 2956
374 196 526 235 MORETUM.

157 367 173 402 a
185 360 274 416 pereat
287 353 328 401 eui
341 359 401 400 sunt
413 352 499 415 prisea
511 351 664 415 supercilia!

70 447 102 488 35
124 442 184 503 quid
199 441 278 489 cineri
292 441 393 502 ingrato
406 455 492 489 servas
505 440 570 488 bene
583 439 681 487 olentia
693 438 779 487 serta?

159 543 225 577 anne
239 536 362 576 coronato
376 530 412 576 vis
425 529 512 591 lapide
525 529 580 590 ipse
593 527 663 588 tegi?

124 632 191 679 pone
204 631 303 664 merum
316 619 428 665 ettalus.
456 623 557 680 pereat,
578 616 622 678 qui
637 614 749 663 crastina
762 615 848 663 curati

158 706 228 752 Mors
242 721 330 754 aurern
343 706 439 754 vellens
449 696 542 754 ‘vivite’
556 705 592 753 ait
601 694 721 752 ‘veni0.”

304 1163 597 1214 MORETUM.

121 1325 177 1373 lam
190 1341 243 1373 nox
255 1325 375 1374 hibernas
388 1325 427 1373 bis
441 1325 555 1388 quinque
569 1331 703 1388 peregerat
715 1325 794 1373 horas

124 1414 308 1477 excubitorque
322 1414 389 1462 diem
403 1421 479 1462 cantu
492 1415 656 1477 praedixerat
670 1415 731 1473 alea,

125 1501 237 1564 Simylus
251 1503 338 1564 exigui
352 1504 436 1551 cultor
449 1519 507 1552 curn
520 1504 629 1551 rusticus
643 1503 707 1564 agri,

125 1591 207 1638 tristia
219 1597 341 1638 venturae
354 1598 468 1638 metuens
482 1591 579 1638 ieiunia
592 1590 666 1648 lucis,

91 1681 105 1724 5
125 1676 240 1724 membra
252 1679 320 1725 levat
332 1678 375 1725 vili
389 1679 484 1725 sensim
498 1679 604 1726 dimissa
616 1678 725 1739 grabato

125 1765 287 1827 sollicitaque
301 1780 378 1813 manu
393 1765 510 1814 tenebras
523 1767 642 1828 explorat
654 1767 748 1815 inertes

125 1854 284 1914 vestigatque
297 1853 392 1911 focum,
408 1855 492 1902 laesus
507 1870 583 1916 quem
597 1854 708 1917 denique
720 1855 806 1903 sentit.

125 1942 245 2004 parvulus
259 1949 349 1990 exusto
363 1942 512 1990 remanebat
524 1943 609 2005 stipite
623 1942 704 1992 fomes

125 2038 150 2079 et
164 2031 227 2078 einis
242 2031 368 2078 obductae
382 2030 482 2078 celabat
495 2032 594 2080 lumina
606 2046 712 2095 prunae.

75 2124 106 2167 10
126 2120 244 2167 admovet
256 2119 295 2166 bis
310 2133 417 2181 pronam
432 2119 559 2168 submissa
571 2120 655 2169 fronte
668 2121 800 2168 lucernam

125 2214 151 2254 et
163 2207 282 2269 producit
295 2222 343 2254 acu
357 2214 461 2270 stuppas
475 2208 582 2257 humore
596 2216 720 2268 carentes,

126 2296 221 2343 excitat
234 2303 258 2344 et
271 2295 365 2344 crebris
379 2297 545 2358 languentem
557 2297 659 2345 flatibus
672 2297 769 2359 ignem.

126 2385 230 2432 tandem
244 2391 368 2447 concepto
382 2400 409 2433 se
422 2385 468 2432 lux
482 2385 582 2447 fulgore
598 2385 703 2448 recepit,

126 2473 296 2535 oppositaque
310 2488 388 2521 manu
402 2474 488 2522 lumen
503 2474 618 2522 defendit
630 2473 661 2522 ab
675 2488 740 2522 aura

76 2566 105 2608 15
125 2568 150 2608 et
163 2569 259 2610 reserat
272 2563 385 2623 clausae,
401 2577 469 2627 quae
481 2563 612 2627 pertinet,
625 2562 699 2608 nstra
708 2561 811 2604 cepae.

117 2647 191 2699 rusus
205 2659 260 2700 erat
274 2660 346 2703 terra
359 2654 490 2705 frumenti
502 2665 614 2718 pauper
628 2652 769 2697 aceruum
