1808 2956
59 174 120 221 570
411 180 498 220 COPA.

126 347 186 386 sunt
199 338 271 400 topia
283 346 308 386 et
320 337 435 399 calybae‚
451 338 546 400 cyathi,
561 354 629 398 rosa,
646 339 720 397 tibia,
734 339 851 389 chordae

162 435 187 476 et
199 427 303 475 trichila
315 426 461 474 umbriferis
474 426 569 488 frigida
581 428 765 476 arundinibus.

127 524 165 564 est
178 524 203 564 et
215 515 347 564 Maenalio
360 530 427 577 quae
439 516 520 576 garrit
532 516 608 564 dulce
620 516 668 563 sub
682 526 761 565 antro

76 609 107 653 10
162 605 258 652 rustica
269 604 381 667 pastoris
394 604 481 652 fistula
493 619 565 652 more
578 620 684 653 sonans.

128 703 165 743 est
178 701 203 742 et
215 709 307 756 vappa,
324 693 389 740 cado
402 707 486 755 nuper
498 692 592 741 diffusa
604 694 702 756 picato,

162 793 200 831 est
213 782 342 844 crepitans
355 796 433 829 rauco
447 797 578 830 murmure
591 783 658 830 rivus
671 799 770 845 aquae.

126 878 186 920 aunt
199 878 224 919 et
236 869 364 933 Cecropio
377 870 460 918 niolae
474 871 505 919 de
518 871 580 919 flore
594 886 708 920 coronae

162 967 281 1022 sertaque
294 974 423 1022 purpurea
436 959 506 1007 lutea
519 959 600 1007 mixta
613 974 682 1008 rosa.

76 1054 106 1097 15
125 1058 185 1097 sunt
197 1056 222 1097 et
234 1048 350 1110 virgineo
363 1045 444 1096 libata
457 1048 580 1096 Achelois
594 1048 625 1096 ab
639 1063 717 1097 amne

162 1137 219 1186 lilia
232 1151 298 1200 quae
311 1137 391 1185 niveis
404 1137 491 1184 attulit
503 1137 529 1184 in
544 1137 661 1184 calathis.

128 1233 189 1274 suut
201 1233 226 1274 et
238 1225 343 1284 caseoli,
360 1239 425 1287 quos
438 1225 523 1287 sirpea
536 1225 627 1273 fiscina
639 1226 729 1285 siccat,

162 1322 222 1362 sunt
234 1314 390 1362 autumnalis
405 1328 478 1362 cerea
491 1329 574 1376 pruna
588 1314 659 1362 deae.

127 1408 187 1451 sunt
200 1409 225 1450 et
237 1416 311 1448 mora
325 1409 431 1449 cruenta
446 1410 471 1450 et
483 1403 559 1450 lentis
573 1418 622 1450 uva
634 1403 744 1451 racemis

75 1497 108 1541 20
163 1498 188 1539 et
200 1491 314 1553 pendeus
328 1490 405 1537 iunco
420 1491 553 1539 caeruleus
567 1491 690 1549 cucumis,

128 1587 316 1641 castaneasque
328 1593 407 1626 nuces
421 1586 446 1627 et
458 1594 535 1627 suave
548 1579 667 1628 rubentia
679 1582 768 1640 mala;

163 1675 201 1717 est
214 1668 255 1716 hic
269 1669 367 1715 munda
381 1666 467 1726 Ceres,
484 1675 523 1715 est
536 1669 626 1726 Amor,
642 1675 680 1716 est
691 1669 826 1718 Bromius.

128 1765 166 1805 est
179 1757 263 1819 tuguri
278 1766 372 1814 custos,
390 1763 503 1804 armatus
518 1755 584 1804 falce
597 1757 708 1818 saligna,

163 1847 206 1893 sed
221 1853 292 1894 vasto
306 1860 358 1892 non
372 1853 410 1893 est
422 1845 528 1906 inguine
542 1844 672 1893 terribilis.

76 1940 108 1984 25
128 1935 178 1983 huc
193 1934 305 1996 calybita
317 1934 389 1982 veni:
405 1934 488 1982 lassus
501 1933 553 1980 iam
566 1934 642 1981 sudat
654 1935 752 1982 asellus
763 1951 769 1994 ;

164 2037 240 2085 parce
253 2023 308 2071 illi:
329 2023 424 2071 Vestae
437 2021 559 2070 delicium
571 2029 610 2070 est
622 2022 719 2070 asinus

129 2126 198 2159 nunc
212 2119 289 2160 cantu
302 2111 391 2160 crebro
405 2117 527 2173 rumpunt
540 2111 644 2158 arbusta
657 2111 774 2170 cicadae,

164 2215 233 2249 nunc
246 2215 350 2262 veprum
364 2200 451 2261 gelida
464 2214 541 2262 saepe
554 2200 650 2248 lacerta
663 2199 735 2246 latet.

129 2288 241 2351 sinapis,
257 2289 353 2337 aestivo
367 2289 492 2338 recubans
506 2296 531 2336 te
544 2289 635 2350 prolue
648 2288 723 2346 vitro,

76 2384 110 2427 ³0
164 2392 209 2425 seu
222 2378 259 2425 vis
273 2378 394 2439 crystallo
408 2377 473 2425 serra
486 2392 566 2425 novos
580 2377 682 2424 calices.

130 2466 170 2514 eia
183 2480 231 2527 age
244 2466 383 2528 pampinea
396 2466 476 2513 sessus
490 2467 621 2528 requiesce
634 2465 681 2512 sub
695 2464 790 2515 umbra

160 2563 186 2609 et
196 2557 339 2624 gravidum
351 2570 427 2606 roseo
440 2562 516 2604 necte
528 2561 606 2616 caput
616 2553 743 2612 anaunia„

109 2652 252 2708 formosus
266 2661 381 2708 tenerae
396 2651 544 2713 decer-pana
558 2636 731 2702 crapuellac.
