1808 2956
70 165 133 212 ‘240
311 177 338 216 P.
355 176 476 216 VERGILI
496 175 626 214 MARONIS
653 193 656 199 ›

141 331 206 380 haec
219 332 297 381 effata
309 333 375 391 silet,
391 334 476 395 pallor
488 332 564 380 simul
579 340 689 394 occupat
702 348 759 382 ora.

70 425 122 467 500
142 435 194 468 non
208 428 292 470 tamen
307 422 385 470 Anna
398 422 470 468 novis
484 430 632 483 praetexere
646 421 738 470 funera
752 426 835 474 sacris

140 524 292 571 germanam
306 510 386 558 credit
399 524 447 558 nec
459 517 544 557 tantos
558 518 643 558 mente
656 509 758 559 furores

141 599 255 662 concipit
268 606 312 646 aut
324 599 443 660 graviora
456 598 528 646 timet
541 613 619 660 quam
633 607 715 647 morte
730 598 854 664 Sychaei.

141 701 203 749 ergo
216 688 286 735 iussa
298 693 380 750 parat.

176 778 212 825 At
225 777 322 838 regina,
338 791 402 838 pyra
414 775 539 837 penetrali
553 776 579 822 in
593 777 653 824 sede
666 776 713 824 sub
729 793 808 828 auras

69 869 121 912 505
142 872 227 913 erecta
238 864 338 927 ingenti
352 864 434 911 taedis
448 871 524 925 atque
538 865 596 912 ilice
610 872 688 924 secta,

140 954 302 1016 intenditque
315 954 401 1000 locum
414 953 487 1000 sertis
501 961 526 1000 et
538 953 628 1001 froude
643 962 752 1002 coronat

140 1042 263 1101 funerea;
284 1056 360 1104 super
373 1042 477 1089 exuvias
492 1056 630 1104 ensemque
644 1043 762 1092 relictum

141 1130 304 1192 effigiemque
317 1137 373 1177 toro
387 1131 465 1188 locat,
481 1129 549 1176 haud
563 1130 655 1191 ignara
668 1131 756 1179 futuri.

140 1226 210 1266 stant
222 1233 281 1266 arae
295 1220 392 1267 circum
406 1227 431 1267 et
444 1219 521 1266 crinis
535 1218 617 1266 effusa
630 1220 749 1268 sacerdos

69 1313 121 1356 510
142 1314 179 1356 ter
193 1315 295 1355 centum
308 1315 380 1356 tonat
394 1321 438 1354 ore
452 1308 528 1366 deos,
550 1308 714 1370 Erebumque
729 1305 872 1376 Chaosque

141 1396 362 1458 tergeminamque
376 1396 499 1455 Hecaten,
515 1397 565 1444 tria
577 1397 682 1458 virginis
697 1412 743 1444 ora
755 1399 870 1451 Dianae.

140 1491 270 1548 sparserat
282 1492 307 1534 et
315 1476 408 1534 'latices
422 1485 555 1533 simulatos
570 1485 648 1532 fontis
661 1486 766 1546 Averni,

141 1574 249 1623 falcibus
263 1582 288 1623 et
299 1589 399 1622 messae
412 1574 444 1621 ad
458 1575 547 1621 lunam
561 1581 718 1636 quaeruntur
732 1577 805 1626 aenis

140 1664 263 1726 pubentes
277 1663 371 1711 herbae
385 1662 452 1724 nigri
467 1677 525 1710 cum
538 1664 604 1710 laete
617 1663 724 1723 veneni3

69 1757 120 1800 515
141 1753 273 1815 quaeritur
286 1759 312 1800 et
323 1752 453 1799 nascentis
467 1751 526 1812 equi
541 1752 572 1799 de
585 1751 668 1800 fronte
682 1753 797 1802 revolsus

140 1848 167 1889 et
178 1843 253 1889 matri
267 1847 417 1904 praereptus
431 1854 511 1887 amor.

139 1930 196 1993 ipsa
209 1930 279 1977 mola
291 1928 462 1990 manibusque
476 1929 524 1991 piis
538 1929 631 1976 altaria
643 1929 724 1986 iuxta,

139 2033 220 2067 unum
234 2025 311 2066 exuta
323 2017 414 2080 pedem
428 2018 527 2076 vinclis,
544 2017 571 2064 in
583 2024 652 2065 veste
665 2018 788 2077 recincta,

140 2113 246 2155 testatur
259 2106 384 2154 moritura
397 2107 458 2154 deos
472 2113 497 2154 et
510 2106 614 2154 conscia
626 2106 671 2154 fati

69 2201 121 2244 520
140 2195 240 2256 sidera3
261 2201 324 2255 tum,
340 2196 433 2257 siquod
446 2209 499 2242 non
513 2209 596 2256 aequo
610 2195 714 2243 foedere
727 2199 839 2246 amantis

140 2299 216 2333 curae
222 2299 318 2333 numen
325 2284 404 2332 habet
410 2284 559 2346 iustumque
566 2298 725 2346 memorque,
736 2294 866 2346 precatur.

174 2372 234 2421 Nox
246 2380 302 2422 erat
314 2379 338 2420 et
350 2372 482 2435 placidum
495 2373 637 2435 carpebant
649 2373 717 2420 fessa
729 2388 852 2436 soporem

66 2463 69 2467 ’
140 2477 248 2525 corpora
261 2477 307 2524 per
319 2468 399 2508 terras
413 2461 544 2524 silvaeque
558 2468 582 2510 et
594 2476 670 2510 saeva
683 2462 803 2523 quierant

140 2564 262 2613 aequora,
279 2565 337 2599 cum
350 2550 436 2597 medio
450 2551 586 2598 volvontur
599 2551 684 2598 sidera
696 2551 780 2611 lapsu,

48 2641 104 2684 525
122 2653 183 2687 caru
192 2647 265 2691 tacet
276 2642 365 2692 omnis
380 2657 455 2706 ager,
472 2641 592 2707 pecudes
598 2640 740 2703 pictaeque
750 2638 882 2690 taxatores„
