<?xml version="1.0" encoding="UTF-8"?>
<!DOCTYPE html PUBLIC "-//W3C//DTD XHTML 1.0 Transitional//EN"
    "http://www.w3.org/TR/xhtml1/DTD/xhtml1-transitional.dtd">
<html xmlns="http://www.w3.org/1999/xhtml" xml:lang="en" lang="en">
 <head>
  <title>
</title>
<meta http-equiv="Content-Type" content="text/html;charset=utf-8" />
  <meta name='ocr-system' content='tesseract 3.04.00' />
  <meta name='ocr-capabilities' content='ocr_page ocr_carea ocr_par ocr_line ocrx_word'/>
</head>
<body>
  <div class='ocr_page' id='page_1' title='image "./pvergiliusmaro00virggoog/pvergiliusmaro00virggoog_0504.png"; bbox 0 0 1808 2956; ppageno 0'>
   <div class='ocr_carea' id='block_1_1' title="bbox 70 186 625 236">
    <p class='ocr_par' dir='ltr' id='par_1_1' title="bbox 70 186 625 236">
     <span class='ocr_line' id='line_1_1' title="bbox 70 186 625 236; baseline 0.002 -2"><span class='ocrx_word' id='word_1_1' title='bbox 70 186 129 236; x_wconf 77' lang='lat'>510</span> <span class='ocrx_word' id='word_1_2' title='bbox 307 197 333 236; x_wconf 80' lang='grc' dir='ltr'>Ρ.</span> <span class='ocrx_word' id='word_1_3' title='bbox 351 196 473 236; x_wconf 79' lang='lat' dir='ltr'>vuaemr</span> <span class='ocrx_word' id='word_1_4' title='bbox 493 195 625 236; x_wconf 81' lang='lat' dir='ltr'>uaaoms</span> 
     </span>
    </p>
   </div>
   <div class='ocr_carea' id='block_1_2' title="bbox 69 341 890 1744">
    <p class='ocr_par' dir='ltr' id='par_1_2' title="bbox 69 341 855 772">
     <span class='ocr_line' id='line_1_2' title="bbox 69 341 855 415; baseline 0.001 -14"><span class='ocrx_word' id='word_1_5' title='bbox 69 357 119 401; x_wconf 80' lang='lat'>630</span> <span class='ocrx_word' id='word_1_6' title='bbox 139 368 186 401; x_wconf 86' lang='lat' dir='ltr'>neo</span> <span class='ocrx_word' id='word_1_7' title='bbox 200 367 307 401; x_wconf 92' lang='lat' dir='ltr'>numero</span> <span class='ocrx_word' id='word_1_8' title='bbox 321 353 436 411; x_wconf 88' lang='lat' dir='ltr'>inferior,</span> <span class='ocrx_word' id='word_1_9' title='bbox 455 366 559 415; x_wconf 81' lang='lat' dir='ltr'>pugnae</span> <span class='ocrx_word' id='word_1_10' title='bbox 573 367 620 401; x_wconf 83' lang='lat' dir='ltr'>nee</span> <span class='ocrx_word' id='word_1_11' title='bbox 633 352 735 402; x_wconf 90' lang='lat' dir='ltr'>honore</span> <span class='ocrx_word' id='word_1_12' title='bbox 748 341 855 402; x_wconf 76' lang='lat' dir='ltr'>recedes-¹</span> 
     </span>
     <span class='ocr_line' id='line_1_3' title="bbox 138 442 365 490; baseline 0.009 -2"><span class='ocrx_word' id='word_1_13' title='bbox 138 442 241 489; x_wconf 90' lang='lat' dir='ltr'>Turnus</span> <span class='ocrx_word' id='word_1_14' title='bbox 255 442 287 489; x_wconf 91' lang='lat' dir='ltr'>ad</span> <span class='ocrx_word' id='word_1_15' title='bbox 301 442 365 490; x_wconf 85' lang='lat' dir='ltr'>haee</span> 
     </span>
     <span class='ocr_line' id='line_1_4' title="bbox 139 529 855 594; baseline 0 -16"><span class='ocrx_word' id='word_1_16' title='bbox 139 529 163 578; x_wconf 91' lang='lat' dir='ltr'>‘o</span> <span class='ocrx_word' id='word_1_17' title='bbox 177 545 258 589; x_wconf 88' lang='lat' dir='ltr'>soror,</span> <span class='ocrx_word' id='word_1_18' title='bbox 274 537 300 578; x_wconf 84' lang='lat' dir='ltr'>et</span> <span class='ocrx_word' id='word_1_19' title='bbox 312 531 409 578; x_wconf 90' lang='lat' dir='ltr'>dudum</span> <span class='ocrx_word' id='word_1_20' title='bbox 423 530 543 592; x_wconf 78' lang='lat' dir='ltr'>adgnovi,</span> <span class='ocrx_word' id='word_1_21' title='bbox 560 545 619 578; x_wconf 88' lang='lat' dir='ltr'>eum</span> <span class='ocrx_word' id='word_1_22' title='bbox 633 531 719 592; x_wconf 89' lang='lat' dir='ltr'>prima</span> <span class='ocrx_word' id='word_1_23' title='bbox 731 546 778 594; x_wconf 89' lang='lat' dir='ltr'>per</span> <span class='ocrx_word' id='word_1_24' title='bbox 791 538 855 578; x_wconf 86' lang='lat' dir='ltr'>arteu</span> 
     </span>
     <span class='ocr_line' id='line_1_5' title="bbox 139 618 772 680; baseline 0.003 -14"><span class='ocrx_word' id='word_1_25' title='bbox 139 619 244 668; x_wconf 78' lang='lat' dir='ltr'>foedera</span> <span class='ocrx_word' id='word_1_26' title='bbox 256 618 364 667; x_wconf 81' lang='lat' dir='ltr'>turbasti</span> <span class='ocrx_word' id='word_1_27' title='bbox 378 625 453 680; x_wconf 88' lang='lat' dir='ltr'>teque</span> <span class='ocrx_word' id='word_1_28' title='bbox 467 618 531 666; x_wconf 87' lang='lat' dir='ltr'>haee</span> <span class='ocrx_word' id='word_1_29' title='bbox 543 618 570 665; x_wconf 93' lang='lat' dir='ltr'>in</span> <span class='ocrx_word' id='word_1_30' title='bbox 584 618 653 667; x_wconf 88' lang='lat' dir='ltr'>bella</span> <span class='ocrx_word' id='word_1_31' title='bbox 666 619 772 679; x_wconf 84' lang='lat' dir='ltr'>dedisti,</span> 
     </span>
     <span class='ocr_line' id='line_1_6' title="bbox 140 706 835 772; baseline 0 -18"><span class='ocrx_word' id='word_1_32' title='bbox 140 715 164 755; x_wconf 93' lang='lat' dir='ltr'>et</span> <span class='ocrx_word' id='word_1_33' title='bbox 177 722 245 755; x_wconf 87' lang='lat' dir='ltr'>nuuc</span> <span class='ocrx_word' id='word_1_34' title='bbox 259 707 416 770; x_wconf 86' lang='lat' dir='ltr'>nequiquam</span> <span class='ocrx_word' id='word_1_35' title='bbox 430 706 498 754; x_wconf 92' lang='lat' dir='ltr'>fallis</span> <span class='ocrx_word' id='word_1_36' title='bbox 512 707 569 754; x_wconf 89' lang='lat' dir='ltr'>dea.</span> <span class='ocrx_word' id='word_1_37' title='bbox 596 709 641 755; x_wconf 88' lang='lat' dir='ltr'>sed</span> <span class='ocrx_word' id='word_1_38' title='bbox 656 708 714 769; x_wconf 90' lang='lat' dir='ltr'>quis</span> <span class='ocrx_word' id='word_1_39' title='bbox 729 707 835 772; x_wconf 88' lang='lat' dir='ltr'><strong>Olympo</strong></span> 
     </span>
    </p>

    <p class='ocr_par' dir='ltr' id='par_1_3' title="bbox 69 793 855 1036">
     <span class='ocr_line' id='line_1_7' title="bbox 69 793 722 844; baseline 0.002 -1"><span class='ocrx_word' id='word_1_40' title='bbox 69 800 118 844; x_wconf 85' lang='grc'>635</span> <span class='ocrx_word' id='word_1_41' title='bbox 140 796 276 844; x_wconf 87' lang='lat' dir='ltr'>demissam</span> <span class='ocrx_word' id='word_1_42' title='bbox 290 804 375 844; x_wconf 89' lang='lat' dir='ltr'>tantos</span> <span class='ocrx_word' id='word_1_43' title='bbox 389 795 471 842; x_wconf 89' lang='lat' dir='ltr'>voluit</span> <span class='ocrx_word' id='word_1_44' title='bbox 484 793 587 842; x_wconf 78' lang='lat' dir='ltr'>referre</span> <span class='ocrx_word' id='word_1_45' title='bbox 600 794 722 844; x_wconf 79' lang='lat' dir='ltr'>labores?</span> 
     </span>
     <span class='ocr_line' id='line_1_8' title="bbox 139 882 752 933; baseline 0.003 -2"><span class='ocrx_word' id='word_1_46' title='bbox 139 900 172 932; x_wconf 88' lang='lat' dir='ltr'>an</span> <span class='ocrx_word' id='word_1_47' title='bbox 185 885 270 933; x_wconf 89' lang='lat' dir='ltr'>fratris</span> <span class='ocrx_word' id='word_1_48' title='bbox 283 885 369 933; x_wconf 89' lang='lat' dir='ltr'>miseri</span> <span class='ocrx_word' id='word_1_49' title='bbox 383 886 463 931; x_wconf 88' lang='lat' dir='ltr'>letum</span> <span class='ocrx_word' id='word_1_50' title='bbox 477 889 504 930; x_wconf 92' lang='lat' dir='ltr'>ut</span> <span class='ocrx_word' id='word_1_51' title='bbox 517 882 621 931; x_wconf 87' lang='lat' dir='ltr'>crudele</span> <span class='ocrx_word' id='word_1_52' title='bbox 633 884 752 933; x_wconf 81' lang='lat' dir='ltr'>videres?</span> 
     </span>
     <span class='ocr_line' id='line_1_9' title="bbox 140 971 855 1036; baseline 0.001 -16"><span class='ocrx_word' id='word_1_53' title='bbox 140 987 200 1020; x_wconf 87' lang='lat' dir='ltr'>num</span> <span class='ocrx_word' id='word_1_54' title='bbox 214 973 275 1036; x_wconf 92' lang='lat' dir='ltr'>quid</span> <span class='ocrx_word' id='word_1_55' title='bbox 290 973 357 1036; x_wconf 79' lang='lat' dir='ltr'>ago?</span> <span class='ocrx_word' id='word_1_56' title='bbox 377 980 421 1021; x_wconf 87' lang='lat' dir='ltr'>aut</span> <span class='ocrx_word' id='word_1_57' title='bbox 434 986 501 1034; x_wconf 91' lang='lat' dir='ltr'>quae</span> <span class='ocrx_word' id='word_1_58' title='bbox 513 971 566 1018; x_wconf 90' lang='lat' dir='ltr'>iam</span> <span class='ocrx_word' id='word_1_59' title='bbox 579 972 690 1034; x_wconf 82' lang='lat' dir='ltr'>spondet</span> <span class='ocrx_word' id='word_1_60' title='bbox 703 973 815 1023; x_wconf 76' lang='lat' dir='ltr'>Fortuna</span> <span class='ocrx_word' id='word_1_61' title='bbox 826 988 855 1021; x_wconf 80' lang='lat' dir='ltr'>sa·</span> 
     </span>
    </p>

    <p class='ocr_par' dir='ltr' id='par_1_4' title="bbox 139 1040 889 1300">
     <span class='ocr_line' id='line_1_10' title="bbox 440 1040 889 1161; baseline -0.002 -51"><span class='ocrx_word' id='word_1_62' title='bbox 440 1061 538 1110; x_wconf 76' lang='lat' dir='ltr'>tutem?</span> <span class='ocrx_word' id='word_1_63' title='bbox 885 1040 889 1161; x_wconf 59' lang='lat' dir='ltr'>l</span> 
     </span>
     <span class='ocr_line' id='line_1_11' title="bbox 139 1150 889 1213; baseline 0.003 -15"><span class='ocrx_word' id='word_1_64' title='bbox 139 1150 190 1198; x_wconf 90' lang='lat' dir='ltr'>vidi</span> <span class='ocrx_word' id='word_1_65' title='bbox 204 1151 293 1198; x_wconf 89' lang='lat' dir='ltr'>oeulos</span> <span class='ocrx_word' id='word_1_66' title='bbox 308 1157 366 1198; x_wconf 87' lang='lat' dir='ltr'>ante</span> <span class='ocrx_word' id='word_1_67' title='bbox 379 1150 435 1212; x_wconf 89' lang='lat' dir='ltr'>ipse</span> <span class='ocrx_word' id='word_1_68' title='bbox 448 1163 519 1197; x_wconf 91' lang='lat' dir='ltr'>meos</span> <span class='ocrx_word' id='word_1_69' title='bbox 533 1164 573 1198; x_wconf 89' lang='lat' dir='ltr'>me</span> <span class='ocrx_word' id='word_1_70' title='bbox 587 1165 649 1199; x_wconf 84' lang='lat' dir='ltr'>voce</span> <span class='ocrx_word' id='word_1_71' title='bbox 663 1158 799 1200; x_wconf 82' lang='lat' dir='ltr'>vocantem</span> <span class='ocrx_word' id='word_1_72' title='bbox 886 1164 889 1213; x_wconf 67' lang='grc' dir='ltr'>ς</span> 
     </span>
     <span class='ocr_line' id='line_1_12' title="bbox 139 1238 810 1300; baseline 0 -14"><span class='ocrx_word' id='word_1_73' title='bbox 139 1238 299 1296; x_wconf 88' lang='lat' dir='ltr'>Murranum,</span> <span class='ocrx_word' id='word_1_74' title='bbox 315 1253 366 1300; x_wconf 94' lang='lat' dir='ltr'>quo</span> <span class='ocrx_word' id='word_1_75' title='bbox 380 1253 432 1284; x_wconf 91' lang='lat' dir='ltr'>non</span> <span class='ocrx_word' id='word_1_76' title='bbox 446 1245 550 1300; x_wconf 91' lang='lat' dir='ltr'>superat</span> <span class='ocrx_word' id='word_1_77' title='bbox 562 1239 625 1286; x_wconf 88' lang='lat' dir='ltr'>mihi</span> <span class='ocrx_word' id='word_1_78' title='bbox 639 1240 725 1287; x_wconf 84' lang='lat' dir='ltr'>carior</span> <span class='ocrx_word' id='word_1_79' title='bbox 738 1241 810 1298; x_wconf 87' lang='lat' dir='ltr'>alter,</span> 
     </span>
    </p>

    <p class='ocr_par' dir='ltr' id='par_1_5' title="bbox 70 1327 890 1744">
     <span class='ocr_line' id='line_1_13' title="bbox 70 1327 836 1389; baseline 0 -17"><span class='ocrx_word' id='word_1_80' title='bbox 70 1330 120 1373; x_wconf 83' lang='lat'>640</span> <span class='ocrx_word' id='word_1_81' title='bbox 141 1334 262 1389; x_wconf 82' lang='lat' dir='ltr'>oppetere</span> <span class='ocrx_word' id='word_1_82' title='bbox 275 1327 406 1387; x_wconf 85' lang='lat' dir='ltr'>ingentem</span> <span class='ocrx_word' id='word_1_83' title='bbox 419 1334 497 1388; x_wconf 88' lang='lat' dir='ltr'>atque</span> <span class='ocrx_word' id='word_1_84' title='bbox 510 1327 607 1388; x_wconf 83' lang='lat' dir='ltr'>ingenti</span> <span class='ocrx_word' id='word_1_85' title='bbox 621 1328 728 1377; x_wconf 87' lang='lat' dir='ltr'>volnere</span> <span class='ocrx_word' id='word_1_86' title='bbox 740 1329 836 1377; x_wconf 87' lang='lat' dir='ltr'>victum.</span> 
     </span>
     <span class='ocr_line' id='line_1_14' title="bbox 141 1415 745 1471; baseline 0.003 -8"><span class='ocrx_word' id='word_1_87' title='bbox 141 1415 237 1463; x_wconf 82' lang='lat' dir='ltr'>occidit</span> <span class='ocrx_word' id='word_1_88' title='bbox 248 1415 348 1471; x_wconf 79' lang='lat' dir='ltr'>infelix,</span> <span class='ocrx_word' id='word_1_89' title='bbox 366 1431 397 1463; x_wconf 91' lang='lat' dir='ltr'>ne</span> <span class='ocrx_word' id='word_1_90' title='bbox 410 1423 527 1463; x_wconf 88' lang='lat' dir='ltr'>nostrum</span> <span class='ocrx_word' id='word_1_91' title='bbox 540 1416 651 1464; x_wconf 83' lang='lat' dir='ltr'>dedecus</span> <span class='ocrx_word' id='word_1_92' title='bbox 665 1417 745 1466; x_wconf 88' lang='lat' dir='ltr'>Ufens</span> 
     </span>
     <span class='ocr_line' id='line_1_15' title="bbox 140 1503 801 1567; baseline -0.002 -14"><span class='ocrx_word' id='word_1_93' title='bbox 140 1504 281 1565; x_wconf 85' lang='lat' dir='ltr'>aspiceret;</span> <span class='ocrx_word' id='word_1_94' title='bbox 302 1503 395 1552; x_wconf 80' lang='lat' dir='ltr'>Teucri</span> <span class='ocrx_word' id='word_1_95' title='bbox 410 1504 542 1567; x_wconf 90' lang='lat' dir='ltr'>potiuntur</span> <span class='ocrx_word' id='word_1_96' title='bbox 555 1519 663 1566; x_wconf 87' lang='lat' dir='ltr'>corpore</span> <span class='ocrx_word' id='word_1_97' title='bbox 677 1513 703 1553; x_wconf 88' lang='lat' dir='ltr'>et</span> <span class='ocrx_word' id='word_1_98' title='bbox 716 1507 801 1554; x_wconf 84' lang='lat' dir='ltr'>armis.</span> 
     </span>
     <span class='ocr_line' id='line_1_16' title="bbox 141 1591 723 1656; baseline 0.002 -16"><span class='ocrx_word' id='word_1_99' title='bbox 141 1593 276 1641; x_wconf 80' lang='lat' dir='ltr'>excindine</span> <span class='ocrx_word' id='word_1_100' title='bbox 290 1593 380 1640; x_wconf 84' lang='lat' dir='ltr'>domos</span> <span class='ocrx_word' id='word_1_101' title='bbox 395 1591 432 1653; x_wconf 92' lang='lat' dir='ltr'>(id</span> <span class='ocrx_word' id='word_1_102' title='bbox 446 1591 521 1639; x_wconf 87' lang='lat' dir='ltr'>rebus</span> <span class='ocrx_word' id='word_1_103' title='bbox 536 1592 617 1640; x_wconf 90' lang='lat' dir='ltr'>defuit</span> <span class='ocrx_word' id='word_1_104' title='bbox 629 1594 723 1656; x_wconf 89' lang='lat' dir='ltr'>unum)</span> 
     </span>
     <span class='ocr_line' id='line_1_17' title="bbox 140 1678 890 1744; baseline 0.004 -16"><span class='ocrx_word' id='word_1_105' title='bbox 140 1682 277 1744; x_wconf 88' lang='lat' dir='ltr'>perpetiar,</span> <span class='ocrx_word' id='word_1_106' title='bbox 294 1681 385 1728; x_wconf 86' lang='lat' dir='ltr'>dextra</span> <span class='ocrx_word' id='word_1_107' title='bbox 397 1694 444 1728; x_wconf 88' lang='lat' dir='ltr'>neo</span> <span class='ocrx_word' id='word_1_108' title='bbox 457 1678 569 1728; x_wconf 83' lang='lat' dir='ltr'>Drancis</span> <span class='ocrx_word' id='word_1_109' title='bbox 583 1682 653 1730; x_wconf 87' lang='lat' dir='ltr'>dicta</span> <span class='ocrx_word' id='word_1_110' title='bbox 664 1683 800 1731; x_wconf 79' lang='lat' dir='ltr'>refellam?</span> <span class='ocrx_word' id='word_1_111' title='bbox 887 1684 890 1693; x_wconf 92' lang='lat'>&#39;</span> 
     </span>
    </p>
   </div>
   <div class='ocr_carea' id='block_1_3' title="bbox 70 1768 892 1905">
    <p class='ocr_par' dir='ltr' id='par_1_6' title="bbox 70 1768 892 1905">
     <span class='ocr_line' id='line_1_18' title="bbox 70 1768 891 1833; baseline -0.002 -16"><span class='ocrx_word' id='word_1_112' title='bbox 70 1773 119 1818; x_wconf 85' lang='grc'>645</span> <span class='ocrx_word' id='word_1_113' title='bbox 141 1776 213 1833; x_wconf 85' lang='lat' dir='ltr'>terga</span> <span class='ocrx_word' id='word_1_114' title='bbox 226 1770 293 1819; x_wconf 88' lang='lat' dir='ltr'>dabo</span> <span class='ocrx_word' id='word_1_115' title='bbox 313 1776 338 1818; x_wconf 91' lang='lat' dir='ltr'>et</span> <span class='ocrx_word' id='word_1_116' title='bbox 351 1769 467 1816; x_wconf 86' lang='lat' dir='ltr'>Turnum</span> <span class='ocrx_word' id='word_1_117' title='bbox 480 1768 621 1830; x_wconf 85' lang='lat' dir='ltr'>fugientem</span> <span class='ocrx_word' id='word_1_118' title='bbox 638 1769 705 1818; x_wconf 87' lang='lat' dir='ltr'>haec</span> <span class='ocrx_word' id='word_1_119' title='bbox 723 1779 790 1820; x_wconf 85' lang='lat' dir='ltr'>terra</span> <span class='ocrx_word' id='word_1_120' title='bbox 802 1769 858 1817; x_wconf 80' lang='lat' dir='ltr'>vida·</span> <span class='ocrx_word' id='word_1_121' title='bbox 888 1770 891 1823; x_wconf 70' lang='grc'>1</span> 
     </span>
     <span class='ocr_line' id='line_1_19' title="bbox 441 1856 892 1905; baseline 0 -2"><span class='ocrx_word' id='word_1_122' title='bbox 441 1856 495 1905; x_wconf 81' lang='lat' dir='ltr'>bit?</span> <span class='ocrx_word' id='word_1_123' title='bbox 889 1860 892 1871; x_wconf 93' lang='lat'>&#39;</span> 
     </span>
    </p>
   </div>
   <div class='ocr_carea' id='block_1_4' title="bbox 141 1946 894 2348">
    <p class='ocr_par' dir='ltr' id='par_1_7' title="bbox 141 1946 893 2015">
     <span class='ocr_line' id='line_1_20' title="bbox 141 1946 893 2015; baseline -0.008 -19"><span class='ocrx_word' id='word_1_124' title='bbox 141 1964 222 2011; x_wconf 86' lang='lat' dir='ltr'>usqne</span> <span class='ocrx_word' id='word_1_125' title='bbox 236 1949 335 1996; x_wconf 89' lang='lat' dir='ltr'>adeone</span> <span class='ocrx_word' id='word_1_126' title='bbox 348 1946 413 1994; x_wconf 90' lang='lat' dir='ltr'>mori</span> <span class='ocrx_word' id='word_1_127' title='bbox 426 1946 547 1994; x_wconf 88' lang='lat' dir='ltr'>miserum</span> <span class='ocrx_word' id='word_1_128' title='bbox 560 1946 616 1994; x_wconf 82' lang='lat' dir='ltr'>est?</span> <span class='ocrx_word' id='word_1_129' title='bbox 635 1962 679 1995; x_wconf 80' lang='lat' dir='ltr'>vos</span> <span class='ocrx_word' id='word_1_130' title='bbox 688 1949 859 1997; x_wconf 78' lang='lat' dir='ltr'>omihimanas</span> <span class='ocrx_word' id='word_1_131' title='bbox 890 1970 893 2015; x_wconf 44' lang='grc' dir='ltr'><strong>ᾗ</strong></span> 
     </span>
    </p>

    <p class='ocr_par' dir='ltr' id='par_1_8' title="bbox 141 2028 894 2099">
     <span class='ocr_line' id='line_1_21' title="bbox 141 2028 894 2099; baseline 0 -14"><span class='ocrx_word' id='word_1_132' title='bbox 141 2045 193 2086; x_wconf 81' lang='lat' dir='ltr'>este</span> <span class='ocrx_word' id='word_1_133' title='bbox 207 2037 278 2095; x_wconf 89' lang='lat' dir='ltr'>boni,</span> <span class='ocrx_word' id='word_1_134' title='bbox 295 2036 418 2099; x_wconf 88' lang='lat' dir='ltr'>quoniam</span> <span class='ocrx_word' id='word_1_135' title='bbox 431 2035 529 2097; x_wconf 85' lang='lat' dir='ltr'>superis</span> <span class='ocrx_word' id='word_1_136' title='bbox 543 2036 651 2084; x_wconf 86' lang='lat' dir='ltr'>adversa</span> <span class='ocrx_word' id='word_1_137' title='bbox 664 2038 792 2086; x_wconf 81' lang='lat' dir='ltr'>voluntas.</span> <span class='ocrx_word' id='word_1_138' title='bbox 890 2028 894 2035; x_wconf 78' lang='grc'><strong>’</strong></span> 
     </span>
    </p>

    <p class='ocr_par' dir='ltr' id='par_1_9' title="bbox 141 2124 818 2189">
     <span class='ocr_line' id='line_1_22' title="bbox 141 2124 818 2189; baseline 0.003 -17"><span class='ocrx_word' id='word_1_139' title='bbox 141 2133 231 2173; x_wconf 87' lang='lat' dir='ltr'>saneta</span> <span class='ocrx_word' id='word_1_140' title='bbox 243 2126 275 2174; x_wconf 92' lang='lat' dir='ltr'>ad</span> <span class='ocrx_word' id='word_1_141' title='bbox 289 2140 334 2172; x_wconf 86' lang='lat' dir='ltr'>vos</span> <span class='ocrx_word' id='word_1_142' title='bbox 348 2124 436 2171; x_wconf 87' lang='lat' dir='ltr'>anima</span> <span class='ocrx_word' id='word_1_143' title='bbox 448 2132 525 2186; x_wconf 85' lang='lat' dir='ltr'>atque</span> <span class='ocrx_word' id='word_1_144' title='bbox 537 2124 611 2172; x_wconf 90' lang='lat' dir='ltr'>istius</span> <span class='ocrx_word' id='word_1_145' title='bbox 625 2126 712 2174; x_wconf 88' lang='lat' dir='ltr'>nescia</span> <span class='ocrx_word' id='word_1_146' title='bbox 726 2126 818 2189; x_wconf 86' lang='lat' dir='ltr'>eulpae</span> 
     </span>
    </p>

    <p class='ocr_par' dir='ltr' id='par_1_10' title="bbox 142 2211 862 2348">
     <span class='ocr_line' id='line_1_23' title="bbox 142 2211 862 2276; baseline -0.004 -14"><span class='ocrx_word' id='word_1_147' title='bbox 142 2215 311 2272; x_wconf 80' lang='lat' dir='ltr'>descendam,</span> <span class='ocrx_word' id='word_1_148' title='bbox 339 2227 493 2273; x_wconf 83' lang='lat' dir='ltr'>magnorum</span> <span class='ocrx_word' id='word_1_149' title='bbox 518 2211 586 2259; x_wconf 89' lang='lat' dir='ltr'>haud</span> <span class='ocrx_word' id='word_1_150' title='bbox 606 2228 730 2276; x_wconf 86' lang='lat' dir='ltr'>umquam</span> <span class='ocrx_word' id='word_1_151' title='bbox 750 2215 862 2276; x_wconf 84' lang='lat' dir='ltr'>indignus</span> 
     </span>
     <span class='ocr_line' id='line_1_24' title="bbox 443 2293 569 2348; baseline 0.008 -1"><span class='ocrx_word' id='word_1_152' title='bbox 443 2293 569 2348; x_wconf 72' lang='lat' dir='ltr'>avorum.³</span> 
     </span>
    </p>
   </div>
   <div class='ocr_carea' id='block_1_5' title="bbox 73 2389 864 2734">
    <p class='ocr_par' dir='ltr' id='par_1_11' title="bbox 73 2389 864 2734">
     <span class='ocr_line' id='line_1_25' title="bbox 73 2389 864 2454; baseline -0.005 -13"><span class='ocrx_word' id='word_1_153' title='bbox 73 2398 124 2441; x_wconf 83' lang='lat'>650</span> <span class='ocrx_word' id='word_1_154' title='bbox 179 2392 231 2439; x_wconf 90' lang='lat' dir='ltr'>Vix</span> <span class='ocrx_word' id='word_1_155' title='bbox 249 2406 280 2439; x_wconf 90' lang='lat' dir='ltr'>ea</span> <span class='ocrx_word' id='word_1_156' title='bbox 292 2390 359 2437; x_wconf 89' lang='lat' dir='ltr'>fatus</span> <span class='ocrx_word' id='word_1_157' title='bbox 373 2396 441 2448; x_wconf 86' lang='lat' dir='ltr'>erat,</span> <span class='ocrx_word' id='word_1_158' title='bbox 461 2389 560 2437; x_wconf 89' lang='lat' dir='ltr'>medios</span> <span class='ocrx_word' id='word_1_159' title='bbox 573 2391 643 2438; x_wconf 88' lang='lat' dir='ltr'>volat</span> <span class='ocrx_word' id='word_1_160' title='bbox 655 2405 715 2441; x_wconf 85' lang='lat' dir='ltr'>ecee</span> <span class='ocrx_word' id='word_1_161' title='bbox 728 2406 775 2454; x_wconf 88' lang='lat' dir='ltr'>per</span> <span class='ocrx_word' id='word_1_162' title='bbox 787 2391 864 2440; x_wconf 87' lang='lat' dir='ltr'>hostes</span> 
     </span>
     <span class='ocr_line' id='line_1_26' title="bbox 143 2477 794 2543; baseline 0.002 -17"><span class='ocrx_word' id='word_1_163' title='bbox 143 2488 229 2528; x_wconf 86' lang='lat' dir='ltr'>vectus</span> <span class='ocrx_word' id='word_1_164' title='bbox 244 2494 310 2543; x_wconf 90' lang='lat' dir='ltr'>equo</span> <span class='ocrx_word' id='word_1_165' title='bbox 324 2485 459 2541; x_wconf 84' lang='lat' dir='ltr'>spumante</span> <span class='ocrx_word' id='word_1_166' title='bbox 473 2477 560 2537; x_wconf 88' lang='lat' dir='ltr'>Saces,</span> <span class='ocrx_word' id='word_1_167' title='bbox 577 2479 685 2529; x_wconf 88' lang='lat' dir='ltr'>adversa</span> <span class='ocrx_word' id='word_1_168' title='bbox 697 2481 794 2542; x_wconf 83' lang='lat' dir='ltr'>sagitta</span> 
     </span>
     <span class='ocr_line' id='line_1_27' title="bbox 139 2567 835 2631; baseline -0.004 -12"><span class='ocrx_word' id='word_1_169' title='bbox 139 2570 245 2621; x_wconf 84' lang='lat' dir='ltr'>saucius</span> <span class='ocrx_word' id='word_1_170' title='bbox 259 2583 314 2630; x_wconf 89' lang='lat' dir='ltr'>ora,</span> <span class='ocrx_word' id='word_1_171' title='bbox 329 2567 432 2631; x_wconf 84' lang='lat' dir='ltr'>ruitque</span> <span class='ocrx_word' id='word_1_172' title='bbox 443 2567 577 2630; x_wconf 87' lang='lat' dir='ltr'>inplorans</span> <span class='ocrx_word' id='word_1_173' title='bbox 590 2567 695 2617; x_wconf 86' lang='lat' dir='ltr'>nomine</span> <span class='ocrx_word' id='word_1_174' title='bbox 708 2567 835 2616; x_wconf 82' lang='lat' dir='ltr'>Turnum.</span> 
     </span>
     <span class='ocr_line' id='line_1_28' title="bbox 131 2653 838 2734; baseline -0.024 -18"><span class='ocrx_word' id='word_1_175' title='bbox 131 2653 245 2734; x_wconf 63' lang='lat' dir='ltr'>Turne,</span> <span class='ocrx_word' id='word_1_176' title='bbox 263 2664 292 2719; x_wconf 88' lang='lat' dir='ltr'>iu</span> <span class='ocrx_word' id='word_1_177' title='bbox 305 2669 333 2716; x_wconf 85' lang='lat' dir='ltr'>te</span> <span class='ocrx_word' id='word_1_178' title='bbox 348 2673 476 2728; x_wconf 83' lang='lat' dir='ltr'>suprema</span> <span class='ocrx_word' id='word_1_179' title='bbox 486 2658 576 2706; x_wconf 60' lang='lat' dir='ltr'>salusa</span> <span class='ocrx_word' id='word_1_180' title='bbox 593 2653 838 2702; x_wconf 69' lang='lat' dir='ltr'>rmsermenuamm.</span> 
     </span>
    </p>
   </div>
   <div class='ocr_carea' id='block_1_6' title="bbox 0 0 908 2956">
    <p class='ocr_par' dir='ltr' id='par_1_12' title="bbox 0 0 908 2956">
     <span class='ocr_line' id='line_1_29' title="bbox 0 0 908 2956; baseline 0 0"><span class='ocrx_word' id='word_1_181' title='bbox 0 0 908 2956; x_wconf 95' lang='lat' dir='ltr'> </span> 
     </span>
    </p>
   </div>
  </div>
 </body>
</html>
