1808 2956
81 183 139 230 382
319 191 345 229 Ρ.
362 190 483 228 venerer
502 190 634 229 nnnours

149 361 239 409 rumpe
252 361 337 394 mores
352 348 435 393 omnis
450 354 474 393 et
488 347 588 394 turbata
601 346 686 408 arripe
700 337 805 394 castra'

149 436 214 482 dixit
226 444 251 483 et
264 435 290 481 in
304 435 404 483 caelum
417 435 521 496 paribus
536 449 562 481 se
575 434 679 482 sustulit
692 434 741 483 alis

98 529 128 571 15
148 524 331 585 ingentemque
344 523 406 585 fuga
419 523 500 571 secuit
512 523 559 570 sub
573 522 685 570 nubibus
699 538 799 570 eroum.

150 612 272 673 adgnovit
284 613 382 660 iuvenis
397 611 559 674 duplicisque
572 612 603 658 ad
618 611 703 658 sidera
716 612 818 672 palmas

149 701 251 748 sustulit
264 716 294 748 ac
307 701 351 748 tali
366 700 507 760 fugientem
521 707 558 747 est
570 713 632 746 roce
646 707 760 747 secutus.

147 779 201 848 ‘Iri,
218 789 295 836 decus
309 789 383 847 caeli,
400 789 456 850 quis
471 797 495 836 te
508 788 571 834 mihi
585 787 697 834 nubibus
711 796 798 835 actam

150 878 241 925 detulit
253 877 279 923 in
294 877 391 925 terras?
411 877 480 924 unde
493 876 557 924 haec
571 883 623 924 tam
637 877 709 924 clara.
722 888 829 938 repente

96 971 129 1013 20
149 965 305 1028 tempestas?
325 966 438 1014 medium
451 965 525 1013 video
540 965 671 1012 discedere
685 965 797 1023 caelum,

149 1055 312 1116 palantisque
325 1054 387 1115 polo
402 1054 497 1101 stellas.
526 1068 620 1115 sequor
634 1053 723 1100 omina
738 1061 820 1111 tanta,

149 1143 265 1205 quisquis
280 1143 306 1189 in
320 1158 392 1190 armo
405 1133 502 1189 vocas'
530 1149 555 1189 et
572 1141 609 1189 sic
627 1142 718 1189 effatus
738 1142 771 1188 ad
784 1143 876 1189 undam

149 1231 274 1292 processit
287 1245 438 1292 summoque
452 1231 537 1277 hausit
550 1231 581 1278 de
594 1231 695 1291 gurgite
709 1231 840 1293 lymphas,

149 1319 230 1365 multa
244 1319 304 1366 deos
319 1333 404 1376 orans,
421 1319 587 1380 oneravitque
601 1318 706 1366 aethera
718 1320 794 1367 votis.

97 1412 129 1454 25
184 1406 291 1469 lamque
305 1407 387 1454 omnis
402 1408 498 1469 campis
512 1407 638 1455 exercitus
652 1407 707 1454 ibat
719 1410 826 1470 apertis,

150 1496 219 1542 dives
233 1509 335 1557 equom,
352 1495 421 1543 dives
434 1496 512 1557 pictai
526 1495 600 1543 vestis
614 1501 639 1542 et
652 1496 722 1542 auri:

149 1583 283 1646 Messapus
297 1584 393 1646 primas
406 1585 484 1642 acies,
501 1592 631 1646 postrema
645 1593 766 1632 coercent

148 1673 291 1735 Tyrrhidae
304 1673 417 1730 iuvenes,
433 1672 519 1720 medio
534 1673 586 1720 dux
599 1672 703 1734 agmine
716 1673 822 1721 Turnus

149 1776 196 1809 ceu
209 1769 306 1824 septem
319 1776 427 1823 surgens
441 1762 535 1809 sedatis
550 1761 668 1809 amnibus
682 1762 750 1809 altus

96 1854 129 1896 30
149 1864 195 1911 per
207 1851 314 1897 tacitum
328 1848 431 1910 Ganges
446 1858 490 1896 aut
502 1849 592 1912 pingui
606 1849 712 1896 flumine
725 1849 800 1898 Nilus

149 1952 208 1984 cum
221 1937 304 1984 refluit
317 1937 414 1999 campis
428 1944 453 1984 et
465 1938 517 1984 iam
530 1953 557 1986 se
570 1938 687 1985 condidit
700 1938 784 1986 alveo.

148 2025 190 2073 hic
203 2026 314 2072 subitam
327 2025 401 2086 nigro
415 2026 553 2087 glomerari
568 2027 671 2088 pulvere
685 2027 781 2075 nubem

149 2114 308 2176 prospiciunt
321 2114 414 2161 Teucri
429 2130 458 2162 ac
472 2115 590 2163 tenebras
603 2115 738 2175 insurgere
752 2116 858 2178 campis.

148 2201 245 2264 primus
260 2203 291 2250 ab
306 2203 412 2250 adversa
425 2204 573 2251 conclamat
585 2204 653 2250 mole
668 2201 763 2251 Caicus

95 2296 128 2338 35
145 2279 214 2352 ‘quis
227 2291 329 2351 globus,
346 2305 360 2337 o
375 2285 450 2349 ¹cives,
467 2291 579 2358 caligine
591 2292 702 2338 volvitur
716 2293 789 2340 atra!

148 2378 211 2426 ferte
224 2379 266 2428 citi
280 2379 384 2438 serrum,
401 2381 458 2428 date
472 2380 531 2437 tela,
548 2380 678 2428 ascendite
692 2395 790 2438 muros,

148 2468 229 2516 hostis
242 2469 323 2527 adest,
340 2468 399 2516 heia
408 2460 423 2514 l'
448 2468 546 2529 ingenti
561 2469 674 2516 clamore
687 2484 733 2530 per
746 2470 832 2518 omnis
855 2501 869 2508 <-

147 2557 264 2606 condunt
275 2572 303 2606 se
316 2557 409 2606 Teucri
422 2565 509 2620 portas
522 2565 547 2604 et
560 2558 662 2605 moenia
675 2559 808 2620 conplent.

130 2662 253 2714 nemque
265 2651 304 2700 ite
320 2649 461 2701 discedens
475 2653 650 2714 praeceperat
661 2645 776 2704 optumus
787 2647 865 2689 sums
