1808 2956
75 173 130 218 126
309 182 335 220 Ρ.
353 180 474 219 l'ERGlLl
495 180 626 218 MARONlS

140 338 239 386 flevisse
252 347 277 386 et
288 337 382 399 gelidis
395 337 459 385 haec
473 337 596 385 evolvisse
609 337 655 384 sub
670 338 760 396 antris,

71 433 121 475 510
140 427 296 476 mulcentem
309 426 381 487 tigris
395 432 420 474 et
432 433 551 486 agentem
565 425 679 473 carmine
693 441 811 488 quereus,

142 516 225 578 qualis
239 516 351 579 populea
364 529 481 563 maerens
496 515 639 577 philomela
652 514 698 561 sub
713 515 806 564 umbra

141 605 249 654 amissos
263 605 377 666 queritur·
390 603 465 661 setus,
481 617 545 664 quos
559 604 637 650 durus
650 610 738 651 arator

142 693 280 742 observmrs
294 692 355 739 nido
369 691 492 755 inplumis
506 692 625 750 detraxit,
641 692 728 741 atille

143 783 185 830 liet
197 789 299 830 noctem
311 796 436 844 ramoque
449 781 540 828 sedens
554 780 700 829 miserabile
715 797 819 830 emman

72 876 122 919 515
142 872 254 930 integrat
267 876 292 918 et
303 869 407 918 maestis
421 868 472 916 late
486 868 544 915 loea
557 868 689 930 questibus
702 869 793 932 inplet.

143 960 217 1006 nulla
230 958 327 1014 Venus,
343 972 395 1004 non
409 957 455 1004 ulli
469 957 585 1005 animum
598 958 692 1005 flexere
706 957 852 1020 hymenaei.

143 1049 213 1095 solus
227 1046 404 1108 Hyperboreas
417 1046 513 1106 glacies
527 1045 689 1108 Tanaimque
703 1047 816 1095 nivalem

144 1150 255 1198 areaque
268 1134 389 1196 Rhipaeis
403 1149 544 1195 numquam
557 1135 661 1183 viduata
675 1136 774 1196 pruinis

144 1223 278 1281 lustrabat,
295 1231 395 1285 raptam
406 1222 552 1284 Eurydicen
565 1230 643 1285 atque
656 1223 734 1272 inrita
747 1224 815 1274 Ditis

75 1319 125 1361 520
145 1314 214 1360 dona
231 1327 356 1375 querens3
376 1319 476 1374 spretae
490 1310 617 1359 Ciconum
634 1327 686 1374 quo
700 1328 807 1362 munere
820 1330 873 1364 ura·

446 1406 495 1446 tres

145 1491 212 1538 inter·
224 1504 297 1537 saera
311 1489 386 1537 deum
398 1489 570 1550 nocturnique
583 1489 656 1550 orgia
669 1490 766 1539 Bacchi

146 1579 302 1640 discentum
316 1577 382 1625 latos
396 1578 513 1625 iuvenem
525 1592 642 1639 sparsere
656 1594 701 1641 per
714 1596 800 1641 agros.

147 1676 200 1716 tum
215 1682 318 1730 quoque
331 1680 476 1714 marmorea
489 1674 566 1728 eaput
578 1683 594 1714 a
608 1667 705 1715 cervice
719 1671 848 1718 revolsum

146 1756 247 1819 gurgite
261 1772 319 1804 eum
332 1755 417 1802 medio
432 1761 537 1816 portans
551 1752 677 1815 Oeagrius
692 1757 792 1806 Hebrus

77 1852 127 1895 525
148 1846 267 1904 volveret,
283 1845 428 1906 Eurydicen
442 1859 492 1890 vox
505 1844 560 1906 ipsa
574 1850 598 1891 et
612 1844 706 1905 frigida
720 1846 819 1907 lingua,

147 1953 163 1985 a
175 1935 295 1984 miseram
308 1933 452 1994 Eurydicen
465 1932 552 1980 anima
565 1932 679 1993 fugiente
692 1935 811 1992 vocabat,

147 2023 293 2086 Eurydicen
307 2029 360 2069 toto
375 2021 519 2069 referebant
531 2021 635 2069 tlumino
650 2015 741 2084 ripae'

147 2115 211 2162 baec
225 2113 340 2168 Proteus,
357 2119 420 2160 etse
433 2111 502 2158 iactu
517 2110 588 2158 dedit
599 2125 698 2172 nequer
711 2112 737 2158 in
752 2114 833 2161 altum

149 2217 251 2265 queque
265 2200 335 2249 dedit
348 2207 510 2262 spumantem
522 2199 619 2247 undam
632 2200 678 2246 sub
692 2201 785 2250 vertice
793 2203 873 2250 torsit.

80 2300 130 2342 530
150 2300 176 2342 at
190 2307 241 2339 non
256 2290 370 2352 Cyrene:
392 2303 505 2350 namque
517 2288 586 2335 ultro
600 2288 688 2335 adiuta
701 2289 833 2337 timentem

146 2373 226 2439 ‘nate
241 2381 302 2429 lieet
314 2379 391 2427 tristis
405 2378 492 2427 animo
506 2378 634 2440 deponere
648 2392 731 2426 cums.

149 2471 305 2522 haecomnis
314 2468 395 2516 morbi
409 2483 495 2525 eausa,
512 2466 572 2514 lrine
584 2466 875 2530 miserabilenymphae.

149 2577 207 2610 eum
222 2559 314 2623 quibus
328 2559 374 2606 ille
387 2557 479 2604 elroros
494 2556 558 2603 lueis
572 2555 688 2615 agitabat
702 2557 728 2602 in
742 2557 812 2616 altis,

130 2648 242 2698 arreum
256 2650 355 2700 irrisere
369 2649 412 2715 api
417 2649 476 2697 bus.
504 2654 534 2696 tu
547 2660 659 2695 munera
669 2646 784 2705 supplex
