1808 2956
297 201 444 240 nunninus
465 201 552 240 LIBER
569 202 610 241 111.
790 193 852 240 205

127 360 258 420 adgnosco
272 357 420 420 Scaeaeque
433 359 575 420 amplector
588 358 680 406 limina
692 367 791 421 portae.

127 461 239 495 necnon
252 453 277 495 et
289 447 383 495 Teucri
396 447 468 494 socia
480 447 557 494 simul
571 447 633 494 urbe
647 447 773 494 fruuntur.

126 536 185 583 illos
198 535 339 598 porticibus
352 550 398 583 rex
411 534 554 597 accipiebat
566 536 593 582 in
607 536 716 598 amplis;

127 624 196 672 aulai
209 624 294 671 medio
308 623 425 671 libabant
437 624 532 686 pocula
544 623 650 681 Bacchi,

55 718 106 761 355
126 713 244 775 inpositis
258 727 321 760 auro
335 711 453 774 dapibus,
469 719 622 775 paterasque
635 712 765 760 tenebant.

160 801 268 863 lamque
282 800 335 848 dies
349 800 464 862 alterque
478 801 531 848 dies
544 801 670 863 processit
682 809 707 848 ct
719 815 797 849 aurae

126 891 183 937 vela
194 897 288 937 vocant
300 889 451 951 tumidoque
464 889 568 936 inflatur
581 889 702 937 carbasus
716 897 817 938 austro:

126 978 165 1025 his
179 985 263 1026 vatem
277 977 415 1039 adgredior
428 977 502 1025 dictis
517 992 546 1025 ac
559 977 623 1025 talia
636 991 742 1041 quaeso.

123 1055 296 1128 ‘Troiugena,
313 1067 438 1128 interpres
452 1067 550 1124 divom,
567 1067 611 1128 qui
624 1067 732 1114 numina
744 1067 853 1125 Phoebi,

56 1161 107 1204 360
128 1156 171 1217 qui
185 1156 310 1218 tripodas,
326 1153 406 1202 Clarii
420 1155 517 1212 laurus,
533 1155 577 1216 qui
590 1155 676 1204 sidera
687 1156 766 1204 senus

127 1251 152 1292 et
164 1245 297 1292 volucrum
311 1244 413 1305 linguas
427 1250 453 1291 et
464 1244 593 1305 praepetis
606 1244 694 1291 omina
706 1244 811 1306 pinnae,

128 1333 181 1380 fare
200 1347 248 1394 age
268 1331 392 1394 (namque
411 1346 515 1380 omnem
533 1347 634 1380 cursum
651 1331 715 1380 mihi
733 1347 858 1395 prospera

429 1421 495 1467 dixit

130 1509 221 1570 religio
235 1516 260 1556 et
273 1509 357 1557 cuncti
371 1516 506 1556 suaserunt
518 1509 624 1556 numine
638 1509 687 1556 divi

128 1597 231 1645 Italiam
245 1604 330 1660 petere
344 1605 368 1644 et
381 1604 460 1644 terras
474 1604 598 1660 temptare
612 1605 743 1659 repostas;

57 1691 108 1734 365
129 1687 186 1734 sola
198 1701 293 1733 novom
307 1686 427 1748 dictuque
441 1686 512 1734 nefas
526 1685 634 1747 harpyia
648 1684 762 1734 Celaeno

128 1775 276 1837 prodigium
290 1776 359 1823 canit
371 1782 396 1822 et
409 1775 487 1822 tristis
501 1775 636 1822 denuntiat
647 1775 707 1834 iras,

129 1864 320 1926 obscenamque
333 1863 439 1925 famem)
454 1877 519 1927 quae
533 1863 616 1925 prima
628 1863 745 1925 pericula
756 1865 828 1911 vito?

129 1953 223 2015 quidve
236 1967 344 2014 sequens
358 1959 443 2000 tantos
456 1952 553 2014 possim
566 1967 686 2014 superare
700 1952 796 2000 laboris
803 1945 821 1999 l'

128 2042 171 2090 hic
184 2042 307 2100 Helenus,
324 2041 404 2089 caesis
418 2041 529 2102 primum
543 2041 574 2088 de
587 2055 659 2088 more
671 2041 795 2098 iuvencis,

57 2136 109 2180 370
130 2138 221 2179 exorat
232 2145 324 2192 pacem
338 2130 422 2176 divom
436 2129 563 2190 vittasque
576 2130 681 2177 resolvit

128 2220 221 2268 sacrati
236 2219 326 2281 capitis
339 2233 431 2280 meque
444 2218 476 2264 ad
490 2224 535 2264 tua
547 2217 646 2276 limina,
661 2218 774 2276 Phoebe,

129 2309 183 2370 ipse
197 2323 275 2356 manu
288 2307 369 2354 multo
383 2320 536 2369 suspensum
548 2306 655 2353 numine
668 2307 739 2354 ducit

130 2404 206 2458 atque
219 2397 284 2444 haec
298 2395 390 2443 deinde
403 2395 473 2442 canit
486 2394 572 2441 divino
586 2409 618 2442 ex
632 2409 676 2443 ore
689 2397 818 2444 sacerdos.

161 2475 237 2533 ‘Nate
250 2485 307 2543 dea,
323 2499 384 2532 nam
397 2491 421 2531 te
434 2482 574 2530 maioribus
588 2483 624 2530 ire
638 2498 683 2544 per
696 2485 781 2531 altum

58 2577 108 2622 375
130 2574 251 2635 auspiciis
264 2573 401 2623 manifesta
414 2573 480 2623 [ides
494 2573 546 2638 (sic
557 2572 617 2620 lata
628 2573 778 2618 acumen

119 2662 227 2710 sortitur
240 2665 377 2731 volvitque
389 2667 474 2730 vices,
491 2667 519 2716 is
531 2663 650 2716 uertitur
665 2653 769 2712 ornnes
