1808 2956
63 184 122 231 ³24
301 189 325 227 Ρ.
343 187 464 226 t'nnfflbt
485 185 617 226 Mauorte

131 359 178 393 nec
191 345 267 406 plura
280 343 414 391 adludens.
443 356 474 390 ea
487 356 537 389 vox
550 342 640 390 audita
654 343 778 392 laborum

131 433 215 496 prima
227 432 286 479 tulit
299 431 376 479 finem
388 430 550 493 primamque
563 431 697 492 loquentis
711 432 745 480 ab
759 445 802 480 ore

131 521 225 584 eripuit
237 528 309 582 pater
323 534 353 567 ac
365 518 523 580 stupefactus
537 519 644 567 numine
657 521 763 581 pressit.

63 615 113 658 120
132 609 256 658 continuo
265 597 346 655 ‘salve
359 606 418 654 fatis
431 606 493 654 mihi
508 607 595 655 debita
607 607 688 656 tellus

132 688 236 759 rosque’
249 696 284 743 ait
293 684 320 742 ‘0
334 694 378 742 fidi
391 694 486 741 Troiae
499 695 594 742 salvete
607 703 732 756 penates:

132 785 175 833 hic
194 786 300 842 domus,
321 783 385 830 haec
404 783 489 844 patria
508 789 554 830 est.
594 782 699 843 genitor
717 785 784 833 mihi
804 784 858 833 helia

434 885 546 932 namque

133 962 214 1025 (nunc
226 958 326 1022 repeto)
339 957 467 1005 Anchises
480 957 592 1006 fatorum
605 973 704 1008 srcana
717 961 835 1024 reliquit:

130 1040 199 1098 ‘cum
213 1055 245 1106 te,
262 1055 330 1106 nate,
346 1046 426 1093 sames
440 1046 530 1108 ignota
542 1046 574 1093 ad
589 1046 666 1093 litora
679 1055 785 1097 vectum

65 1144 113 1189 125
133 1137 223 1185 accisis
237 1142 312 1196 coget
325 1134 433 1196 dapibus
448 1148 599 1182 consumere
611 1148 726 1193 mensas,

133 1233 188 1273 tum
200 1237 302 1286 sperare
316 1222 407 1269 domos
421 1220 535 1269 defessus
548 1221 636 1283 ibique
649 1231 784 1273 memento

132 1313 216 1375 prima
228 1312 315 1359 locare
328 1324 406 1357 manu
419 1309 557 1371 molirique
571 1324 665 1371 aggere
678 1303 769 1360 tecta.'

133 1401 197 1448 haec
211 1406 265 1446 erat
277 1398 324 1446 illa
336 1398 425 1456 fames,
441 1397 505 1445 hacc
518 1412 565 1445 nos
579 1412 700 1460 supreme
713 1399 844 1458 manebat,

133 1487 218 1536 exitiis
231 1487 347 1549 positura
360 1485 474 1533 modum.

65 1582 113 1626 130
134 1590 213 1639 quare
228 1575 296 1637 agite
310 1582 335 1623 ct
347 1575 431 1636 primo
445 1574 505 1622 laeti
520 1589 579 1621 eum
589 1574 689 1622 lumine
702 1577 768 1625 solis

134 1680 201 1728 quae
222 1666 295 1723 loca,
317 1663 392 1726 quive
411 1662 525 1710 habeant
542 1662 675 1721 homines,
696 1664 743 1712 ubi
762 1665 861 1714 moenie

434 1750 526 1811 gentis,

133 1842 286 1903 vestigemus
300 1847 325 1886 et
337 1855 352 1887 a
366 1844 441 1900 portu
455 1838 556 1886 diversa
567 1847 694 1901 petamus.

134 1944 202 1977 nunc
215 1936 316 1991 pateras
330 1926 408 1974 libate
420 1925 474 1973 Iovi
488 1927 657 1989 precibusque
670 1935 762 1976 vocate

134 2016 267 2065 Anchisen
280 2015 424 2076 genitorem
437 2020 462 2061 et
474 2014 535 2060 tina
546 2015 663 2077 reponite
676 2008 796 2064 mensie.'

66 2109 114 2153 135
134 2105 171 2152 sic
184 2104 277 2152 deinde
290 2103 381 2150 effatus
395 2102 525 2149 frondenti
538 2109 654 2164 tempora
667 2118 742 2151 ramo

133 2192 241 2254 inplicat
254 2197 280 2240 et
291 2191 447 2252 geniumque
461 2189 511 2237 loci
524 2190 685 2251 primamque
699 2192 810 2240 deornm

133 2279 265 2329 Tellurem
278 2279 456 2341 nymphasque
470 2285 495 2326 et
507 2277 592 2325 adhuc
605 2278 696 2338 ignota
708 2288 833 2341 precatur

134 2368 249 2428 flumina,
265 2376 319 2416 tum
331 2366 440 2415 Noctem
452 2367 593 2428 Noctisque
606 2367 717 2415 orientia
729 2368 809 2429 signa

134 2456 293 2519 idaeumque
304 2455 391 2504 Iovem
403 2455 595 2517 Phrygiamque
608 2470 640 2503 ex
653 2455 745 2503 ordine
756 2457 866 2506 Matrem

66 2551 115 2594 140
135 2545 238 2594 invocat
250 2553 275 2594 et
287 2545 397 2606 duplicis
411 2542 544 2605 Caeloque
556 2543 692 2604 Ereboque
706 2553 838 2605 parentes.

124 2632 171 2684 hic
179 2642 260 2699 pater
272 2634 442 2699 omnipotens
454 2639 494 2681 ter
507 2631 582 2680 caeto
595 2631 681 2678 clarus
693 2630 727 2676 ab
739 2633 795 2677 utin
