1808 2956
87 171 146 218 '210
323 177 349 216 Ρ.
366 175 488 214 VERGILI
509 173 640 212 MARONIS

155 341 180 381 et
186 332 327 395 Phrygiam
334 331 630 392 Ascaniochlamydcm,
646 344 693 377 ucc
703 329 770 377 cedit
778 329 883 389 honori,

85 427 135 470 485
155 421 338 484 textilibusque
352 427 442 468 onerat
455 419 529 466 donis
543 418 649 466 actalia
663 417 738 464 fatur.

151 499 251 572 ‘accipe
271 517 296 558 et
318 510 396 568 haec,
422 522 545 555 mauuom
563 506 610 554 tibi
634 521 700 567 quae
718 516 887 554 monumcuta

456 611 572 644 mearum

154 685 220 745 sint,
248 699 327 753 puer,
355 693 381 734 et
403 685 511 746 longum
534 683 735 732 Andromachae
760 690 886 730 testentur

457 787 581 831 amorem,

155 862 273 924 coniugis
291 861 442 910 Hectoreae.
471 877 534 924 cape
554 862 624 908 dona
637 867 751 908 extrema
769 867 881 918 tuorum,

156 965 171 997 o
184 950 249 998 mihi
262 951 319 998 sola
331 951 381 998 mei
396 964 473 1012 super
485 950 651 1011 Astyanactis
665 950 761 1009 imago.

88 1043 138 1086 490
158 1039 195 1086 sic
209 1039 308 1097 oculos,
324 1039 362 1086 sic
373 1039 419 1086 ille
432 1053 532 1099 manus,
548 1039 585 1086 sic
598 1053 644 1086 ora
657 1037 769 1094 serebat3

156 1134 182 1174 et
194 1142 264 1174 nunc
276 1127 380 1188 aequali
394 1134 479 1175 tecum
491 1125 641 1189 pubesceret
655 1116 737 1172 aevo’

156 1216 202 1263 hos
216 1229 264 1276 ego
279 1215 426 1276 digrediens
439 1214 552 1262 lacrimis
566 1214 674 1262 adfabar
687 1213 792 1260 obortis.

151 1293 237 1352 ‘vivite
250 1303 347 1361 felices,
364 1303 456 1365 quibus
469 1310 507 1350 est
520 1302 624 1351 fortuna
636 1309 741 1364 peracta

154 1392 206 1439 iam
219 1407 282 1451 sua3
302 1406 349 1439 nos
364 1392 415 1440 alia
429 1406 460 1439 ex
474 1392 531 1439 aliis
544 1392 571 1437 in
584 1391 637 1438 fata
649 1405 779 1438 vocamur.

85 1484 134 1527 495
154 1480 226 1528 vobis
239 1487 314 1542 parta
327 1480 413 1542 quies3
429 1480 531 1527 nullum
543 1479 621 1526 muris
635 1493 732 1540 aequor
745 1479 880 1538 arandum,

155 1583 215 1616 arva
227 1582 311 1630 neque
324 1568 458 1616 Ausoniae
471 1583 571 1630 semper
584 1568 701 1615 cedentia
714 1575 781 1614 retro

155 1658 312 1718 quaerenda.
340 1657 452 1718 effigiem
464 1656 562 1704 Xanthi
576 1656 733 1717 Troiamque
746 1655 846 1712 videtis,

154 1760 232 1806 quam
245 1752 343 1794 vestrae
357 1744 440 1793 fecere
453 1759 553 1803 manus,
569 1744 728 1801 melioribus,
745 1752 815 1806 opt0‚

154 1834 275 1895 auspiciis
289 1840 314 1881 et
327 1847 393 1895 quae
406 1833 483 1881 fuerit
496 1837 579 1882 miuus
594 1835 669 1882 obvia
683 1833 767 1882 Grais.

85 1925 134 1967 500
155 1921 282 1983 siquando
296 1921 421 1992 Thybrim
434 1923 569 1986 vicinaque
583 1923 720 1985 Thybridis
734 1936 795 1970 arva

153 2009 250 2056 intraro
264 2010 387 2072 gentique
401 2025 473 2059 meae
487 2012 548 2060 data
561 2012 665 2059 moenia
678 2027 790 2069 cernam,

154 2105 278 2159 cognatas
290 2098 366 2146 urbes
380 2099 442 2147 olim
456 2100 619 2162 populosque
632 2100 803 2162 propinquos,

153 2185 242 2247 Epiro,
257 2185 391 2250 Hesperia,
407 2188 499 2250 quibus
513 2189 582 2236 idem
594 2189 733 2236 Dardanus
747 2196 836 2236 auctor

154 2282 230 2336 atque
243 2274 312 2321 idem
325 2290 408 2335 casus,
424 2292 503 2324 uuam
515 2277 639 2325 faciemus
652 2287 789 2340 utramque

84 2365 133 2407 505
154 2361 260 2409 Troiam
273 2363 383 2423 animis3
404 2372 508 2412 maneat
520 2373 622 2414 nostros
636 2382 667 2415 ea
680 2382 742 2414 cura
755 2358 881 2429 nepotes.'

188 2448 356 2498 Provehimur
369 2453 462 2514 pelago
475 2453 560 2501 vicina
573 2453 704 2504 Ceraunia
716 2456 796 2514 iuxta,

152 2538 221 2585 unde
233 2538 282 2586 iter
294 2539 397 2588 Italiam
411 2556 550 2603 cursusque
564 2542 726 2591 brcrissimus
740 2545 824 2591 undis.

134 2624 179 2670 sol
187 2626 246 2674 ruit
255 2627 283 2675 r'n
288 2636 359 2680 terea
375 2640 402 2698 et
415 2639 520 2680 montes
532 2631 688 2680 umbrantur
702 2632 788 2692 opaci.
801 2632 823 2690 ᾗ
891 2684 896 2690 ¹
