1808 2956
308 177 456 218 Anuuruos
477 179 563 218 traua
580 181 622 218 111.
802 171 861 219 209

72 371 73 374 η
136 335 194 397 ipsa
207 341 283 382 canat
295 349 435 397 vocemque
448 335 536 383 volens
551 342 627 397 atque
641 350 686 383 ora
699 337 818 384 resolvat.

136 423 184 484 illa
196 422 242 470 tibi
255 422 346 471 Italiae
359 424 469 486 populos
482 431 640 486 venturaque
653 423 723 472 bella

136 518 162 559 et
174 526 226 574 quo
239 527 367 574 quemque
378 512 456 559 modo
469 511 605 574 fugiasque
615 512 733 574 serasque
747 513 863 561 laborem

62 605 115 648 460
136 600 255 662 expediet
268 615 407 662 cursusque
420 599 492 647 dabit
504 607 624 648 venerata
636 601 772 648 secundos.

135 689 200 737 haee
213 695 273 736 sunt
286 703 353 751 quae
366 696 455 736 nostra
468 688 546 736 liceat
558 695 582 736 te
595 703 656 737 voce
670 689 778 736 moneri.

135 778 199 825 vade
207 792 255 838 age
263 784 288 825 et
295 777 427 838 ingentem
435 776 509 824 sactis
522 776 560 824 fer
567 777 599 824 ad
608 777 713 824 aethera
720 770 844 826 Troiam.³

171 864 244 925 Quae
257 873 396 928 postquam
408 873 477 912 vates
490 864 527 912 sic
541 879 585 913 ore
598 864 689 912 effatus
703 866 820 925 amicost,

135 955 205 1002 dona
218 954 311 1002 dehinc
325 968 390 1001 auru
402 953 492 1014 gravia
505 959 626 1014 sectoque
639 953 779 1015 elephanto

62 1046 114 1089 465
135 1042 245 1104 imperat
257 1043 289 1089 ad
303 1041 375 1089 navis
389 1040 448 1088 ferri
462 1041 591 1104 stipatque
605 1041 698 1090 carinis

134 1130 225 1191 ingens
239 1138 374 1192 argeutum
387 1129 598 1193 Dodonaeosque
611 1130 718 1188 lebetas,

134 1219 243 1267 loricam
256 1227 402 1267 consertam
416 1218 499 1266 hamis
513 1233 627 1280 auroque
640 1219 750 1267 trilicem

134 1314 159 1354 et
172 1322 267 1355 conum
279 1306 387 1368 insignis
400 1307 491 1367 galeae
504 1307 645 1368 cristasque
659 1307 795 1364 comantis,

134 1410 207 1443 arma
218 1395 391 1458 Neoptolemi.
418 1402 478 1442 sunt
491 1401 515 1443 et
528 1410 575 1443 sua
587 1396 656 1443 dona
669 1395 778 1457 parenti.

61 1487 114 1532 470
135 1484 207 1531 addit
219 1498 299 1545 equos
314 1483 436 1545 additque
450 1484 542 1543 duces3

133 1572 269 1633 remigium
283 1572 400 1634 supplet3
422 1572 507 1619 socios
520 1572 596 1618 simul
610 1571 713 1618 instruit
727 1571 813 1618 armis.

168 1660 271 1708 Interea
284 1661 393 1708 classem
406 1660 470 1708 velis
484 1667 572 1722 aptare
585 1659 690 1707 iubebat

132 1748 269 1807 Anchises,
285 1749 357 1796 fieret
369 1756 445 1796 vento
457 1763 532 1796 mora
545 1762 630 1810 nequa
642 1747 742 1795 ferenti.

133 1852 210 1899 quem
222 1836 321 1885 Phoebi
335 1837 460 1899 interpres
473 1837 555 1884 multo
569 1836 709 1898 compellat
721 1835 828 1901 honore.

61 1928 111 1973 475
128 1914 272 1987 ‘coniugi0,
287 1925 412 1983 Anchisa,
427 1923 535 1972 Veneris
549 1924 654 1985 dignate
667 1925 786 1987 superbo,

133 2027 195 2060 cura
208 2013 293 2071 deum,
310 2013 348 2060 bis
361 2013 509 2074 Pergameis
524 2021 609 2074 erepte
622 2012 712 2071 ruinis,

133 2115 193 2148 ecce
205 2101 253 2148 tihi
264 2101 399 2149 Ausoniae
412 2101 503 2159 tellus;
524 2100 592 2148 hanc
606 2101 689 2163 arripe
702 2101 774 2149 velis.

132 2196 157 2236 et
170 2195 256 2237 tamen
269 2189 337 2237 hanc
350 2189 443 2252 pelago
457 2188 648 2251 praeterlabare
661 2197 803 2248 necessest;

131 2277 264 2326 Ausoniae
277 2293 336 2340 pars
350 2277 397 2325 illa
409 2277 501 2339 procul
515 2292 593 2338 quam
606 2279 697 2338 pandit
709 2278 817 2340 Apollo.

59 2370 111 2413 480
131 2357 204 2414 vade'
216 2367 260 2425 ait,
275 2355 300 2414 ‘o
314 2365 377 2413 felix
390 2365 443 2412 nati
457 2365 560 2427 pietate.
590 2366 651 2426 quid
665 2367 734 2414 ultra

130 2453 258 2516 provehor
270 2462 295 2502 et
307 2454 386 2502 fando
400 2454 527 2514 surgentis
541 2454 661 2501 demoror
674 2447 800 2502 austrosl'

130 2557 178 2590 nec
185 2543 270 2590 minus
278 2541 470 2600 Andromache,
487 2541 603 2603 digressu
615 2550 714 2590 maesta
726 2557 856 2606 supremo,

131 2630 180 2678 fert
192 2631 333 2693 picturatas
347 2629 403 2678 auri
416 2629 559 2677 subtemine
572 2637 652 2678 vestes

113 2713 235 2768 Vergilius.
667 2712 709 2755 lt
