1808 2956
296 171 442 209 Aruernos
462 173 546 209 LIBER
564 171 617 210 ΧΠ.
795 165 809 209 5
821 166 827 208 1
839 166 853 208 5

130 335 284 391 responsant
296 328 364 376 eirca
378 334 403 376 et
415 330 515 376 caelum
529 337 602 375 tonat
615 344 691 378 omne
704 330 824 376 tumultu.

130 418 175 465 ille
188 418 264 465 simul
278 417 378 477 fugiens
391 416 500 465 Rutulos
513 418 589 465 simul
602 418 720 479 increpat
732 431 829 476 omnes,

129 506 234 554 nomine
248 520 375 569 quemque
388 520 497 564 vocans,
519 514 659 569 notumque
677 505 801 567 efflagitat
813 520 856 554 en·

430 610 493 642 sem.

58 690 109 734 760
129 685 231 731 Aeneas
245 689 352 731 mortem
367 690 457 754 contra
470 697 642 745 praesensque
655 683 768 729 minatur

129 772 245 830 exitium,
261 772 282 819 si
296 772 433 834 quisquam
447 772 531 829 adeat,
549 778 676 833 terretque
689 771 829 828 trementis,

129 861 273 908 excisurum
286 861 375 907 urbem
389 860 519 918 minitans,
536 867 561 907 et
573 860 675 908 saueius
689 860 775 907 instat.

129 950 243 1012 quinque
257 949 331 996 orbes
345 951 449 1011 explent
463 964 537 996 eursu
551 949 708 1010 totidemque
722 953 840 996 retexunt

128 1038 178 1086 huc
191 1039 269 1086 illuc:
292 1053 375 1099 neque
389 1038 456 1084 enim
470 1038 537 1085 levia
550 1043 594 1084 aut
606 1037 707 1084 ludicra
719 1043 840 1098 petuntur

57 1132 107 1177 765
128 1129 251 1190 praemia,
267 1128 311 1175 sed
326 1126 405 1173 Turni
421 1127 515 1175 devita
529 1126 691 1187 etsanguine
706 1130 812 1173 certant.

127 1216 192 1263 sorte
206 1231 278 1264 sacer
290 1217 379 1263 Fauno
394 1215 462 1263 foliis
477 1217 586 1263 oleaster
599 1215 693 1261 amaris

128 1304 170 1351 hie
183 1312 295 1363 steterat,
311 1305 395 1352 nautis
409 1305 472 1353 olim
485 1304 630 1353 venerabile
644 1304 752 1364 lignum,

128 1393 219 1440 servati
234 1408 266 1440 ex
280 1395 355 1440 undis
368 1393 412 1440 ubi
426 1395 503 1454 ligere
518 1394 587 1440 dona
600 1392 718 1439 solebant

127 1481 249 1527 Laurenti
264 1483 322 1529 divo
336 1489 361 1529 et
373 1490 443 1531 votas
457 1483 613 1544 suspendere
626 1488 723 1528 vestesr

56 1573 108 1620 770
128 1567 172 1613 sed
186 1567 290 1627 stirpem
303 1569 395 1616 Teucri
409 1571 481 1617 nullo
496 1570 643 1618 discrimine
656 1582 758 1615 sacrum

128 1654 292 1712 sustulerant,
309 1671 373 1716 puro
387 1665 416 1703 ut
428 1667 533 1718 possent
546 1671 697 1705 concurrere
712 1670 812 1717 eampo.

128 1743 170 1791 hic
184 1743 258 1789 hasta
270 1744 375 1790 Aeneae
388 1744 480 1802 stabat,
497 1745 546 1791 huc
559 1745 669 1805 impetus
682 1743 756 1792 illam

129 1832 263 1889 detulerat,
280 1832 358 1880 fixam
372 1839 396 1879 et
409 1833 479 1880 lenta
492 1833 517 1878 in
532 1833 618 1880 radice
630 1831 741 1879 tenebat.

127 1921 244 1968 incubuit
256 1920 388 1983 voluitque
401 1935 479 1966 manu
493 1920 636 1967 convellere
649 1920 744 1967 ferrum

56 2014 106 2061 775
126 2010 290 2057 Dardanides
305 2010 408 2072 teloque
420 2009 493 2071 sequi
507 2023 584 2070 quem
597 2008 721 2069 prendere
735 2022 810 2056 cursu

127 2113 179 2144 non
192 2105 301 2160 poterat.
330 2106 383 2145 tum
397 2113 456 2145 vero
470 2111 558 2144 amens
572 2096 709 2143 formidine
722 2095 825 2143 Turnus

125 2177 237 2245 ‘Faune‚
259 2202 364 2249 precor,
386 2176 514 2233 miserere'
532 2185 631 2246 inquit,
650 2174 741 2246 ‘tuque
758 2183 856 2246 optima

429 2275 525 2322 serrum

126 2364 207 2410 Terra
220 2370 286 2422 tene,
303 2364 371 2412 colui
385 2372 482 2412 vestros
496 2363 516 2410 si
530 2375 630 2424 semper
643 2361 763 2419 honores,

128 2467 192 2515 quos
207 2459 296 2499 contra
308 2453 448 2501 Aeneadae
462 2453 530 2501 bello
543 2451 626 2499 fecere
642 2440 785 2513 profanos.³

55 2547 106 2592 780
128 2541 192 2587 dixit
206 2556 332 2603 opemque
345 2541 386 2588 dei
400 2557 452 2589 non
466 2557 539 2590 cassa
552 2541 578 2587 in
592 2546 651 2587 vota
664 2538 772 2586 vocavit.

124 2643 237 2689 namque
249 2630 292 2676 diu
307 2631 409 2681 luctans
424 2632 552 2699 lentoque
563 2631 596 2680 in
608 2630 694 2690 stirpe
703 2631 834 2672 morato*

657 2700 726 2759 aa*
