1808 2956
301 197 448 236 taurinos
473 198 559 235 urana
576 198 619 236 rx.
795 189 853 236 407

129 355 191 400 dant
204 353 317 400 sonitum
329 353 399 401 flictu
413 353 512 414 galeae,
528 367 617 414 pugna
629 368 722 416 aspera
734 354 824 415 surgit,

57 447 108 491 665
129 448 240 504 quantus
254 441 285 489 ab
301 455 394 488 occasu
407 441 511 489 veniens
525 441 682 503 pluvialibus
696 442 786 490 haedis

129 529 245 578 verberat
269 527 352 576 imber
375 528 497 586 humum,
525 544 604 591 quam
628 531 710 578 multa
731 531 858 591 grandine

431 617 511 664 nimbi

128 705 155 752 in
168 706 234 754 vada
247 705 426 768 praecipitant,
443 706 624 768 cuquppiter
637 706 757 754 horridus
766 707 858 754 austris

129 800 231 856 torquet
254 809 380 857 aquosam
404 793 516 842 hiemem
540 802 566 842 et
590 796 662 843 caelo
689 810 751 844 cava
768 795 859 843 nubila

431 883 535 944 rumpit.

163 970 297 1018 Pandarus
311 978 337 1019 et
348 972 439 1029 Bitias,
454 971 533 1018 idaeo
548 971 678 1020 Alcanore
691 972 762 1028 creti,

57 1063 109 1106 6ῖο
130 1072 194 1120 quos
207 1057 275 1106 lovis
288 1060 377 1107 eduxit
390 1061 449 1108 luco
463 1060 585 1108 silvestris
598 1060 681 1118 Iaera,

130 1145 255 1194 abietibus
269 1147 372 1196 iuvenes
385 1149 475 1211 patriis
488 1156 514 1197 et
525 1149 657 1197 montibus
671 1163 776 1211 aequos,

129 1243 231 1297 portam
245 1251 311 1298 quae
324 1237 396 1285 ducis
410 1238 519 1300 imperio
533 1238 671 1286 commissa
683 1237 829 1295 recludunt,

128 1323 185 1370 sreti
200 1325 286 1384 armis,
302 1327 423 1388 ultroque
436 1327 544 1374 invitant
557 1326 693 1375 moenibus
706 1327 816 1374 hostem.

128 1411 177 1474 ipsi
191 1413 259 1461 intus
273 1414 365 1462 dextra
378 1430 407 1462 ao
421 1415 494 1462 laeva
508 1429 554 1477 pro
568 1415 679 1462 turribus
693 1415 805 1472 adstant,

56 1504 108 1548 675
129 1502 221 1548 armati
234 1502 302 1548 ferro
316 1510 341 1550 et
355 1503 437 1550 cristis
451 1503 537 1563 capita
549 1503 603 1550 alta
616 1502 725 1560 corusci,

129 1589 219 1649 quales
233 1590 317 1637 aeriae
331 1589 457 1650 liquentia
470 1590 577 1636 flumina
590 1590 696 1646 circum,

129 1675 180 1721 sive
193 1674 258 1722 Padi
272 1677 343 1738 ripis,
359 1676 478 1723 Athesim
491 1690 536 1723 seu
549 1683 654 1739 propter
667 1690 814 1733 amoenum,

130 1772 289 1823 consurgunt
300 1763 419 1825 geminae
433 1778 541 1825 quercus
554 1764 709 1825 intonsaque
723 1764 796 1811 caelo

129 1851 252 1898 attollunt
266 1852 351 1913 capita
364 1858 389 1899 et
401 1851 505 1898 sublimi
519 1852 611 1900 vertice
624 1858 726 1899 nutant.

56 1946 109 1988 680
129 1941 288 2002 inrumpunt,
305 1939 389 1987 aditus
402 1937 490 1987 Rutuli
505 1947 533 1987 ut
545 1940 631 1988 videre
645 1939 763 2003 patentis.

129 2029 252 2077 continuo
267 2027 398 2087 Quercens
412 2035 437 2076 et
449 2028 557 2091 pulcher
569 2029 713 2090 Aquiculus
728 2028 805 2076 armis

129 2126 154 2166 et
167 2132 290 2180 praeceps
304 2116 382 2164 animi
397 2117 484 2164 Marus
498 2124 523 2164 et
535 2117 676 2165 Mavortius
689 2117 808 2165 Haemon

130 2207 275 2268 agminibus
290 2206 350 2253 totis
364 2213 408 2252 aut
421 2206 485 2252 versi
498 2213 571 2267 terga
584 2206 676 2254 dedere

130 2305 175 2344 aut
187 2297 243 2358 ipso
257 2303 347 2358 portae
359 2309 468 2358 posuere
480 2294 508 2341 in
521 2294 609 2342 limine
622 2294 708 2342 vitam.

58 2390 110 2433 685
130 2392 185 2432 tum
199 2384 280 2444 magis
294 2384 441 2430 increscunt
454 2383 546 2430 animis
560 2382 721 2431 discordibus
735 2383 788 2429 irae

131 2481 156 2520 ct
169 2473 220 2519 iam
234 2472 337 2520 collecti
350 2471 432 2519 Troes
444 2471 622 2532 glomerantur
636 2471 726 2518 eodem

131 2568 156 2608 et
169 2560 285 2608 conferre
298 2575 403 2608 manum
416 2567 442 2608 et
454 2573 605 2622 procurrere
618 2559 726 2618 longius
737 2558 853 2606 audens,

160 2649 272 2698 Ductori
287 2650 388 2716 Turno,
404 2651 556 2704 diversam
567 2655 649 2714 parte
660 2639 771 2693 iareah
