1808 2956
280 137 448 178 GRORGIOON
465 140 552 178 LIBER
566 141 607 179 111.
652 135 654 140 ’
802 134 838 180 85

114 294 206 357 Cocyti
220 302 317 344 metuet
329 303 462 359 tortosque
475 296 573 344 Ixionis
587 298 678 358 anguis

111 384 296 446 inmanemque
309 391 392 432 rotam
405 392 430 433 et
442 401 494 432 non
509 385 673 447 exuperabile
687 403 785 434 saxum.

62 477 93 519 40
112 472 212 520 interca
225 471 350 534 dryadum
363 473 439 521 silvas
452 475 583 536 saltusque
597 489 735 537 sequamur

111 561 233 618 intactos,
250 566 303 618 tua,
317 561 463 620 Maecenas,
479 562 548 609 haud
562 564 652 611 mollia
664 564 742 610 iussa.

112 659 136 697 te
149 649 205 696 sine
219 649 256 696 nil
270 649 350 696 altum
363 665 435 698 mens
447 651 568 699 incohat:
591 666 623 700 en
636 666 692 712 age,
708 651 794 711 segnis

110 751 318 799 1·umpemoras;
337 745 413 786 vocat
425 739 522 800 ingenti
537 740 649 787 elamore
663 738 805 786 Cithaeron

110 825 274 888 Taygetique
287 841 364 874 canes
377 826 702 890 domitrixqueEpidaurus
715 841 839 889 equorum

63 917 90 961 15
110 922 136 962 11
147 929 199 961 vox
212 914 324 962 adsensu
336 929 471 962 nemorum
484 916 642 976 ingeminata
654 916 773 976 remugit.

109 1017 172 1050 mox
186 1008 273 1050 tamen
286 1003 403 1051 ardentes
417 1004 539 1065 accingar
551 1005 636 1052 dicere
649 1019 750 1066 pugnas

110 1090 231 1139 Caesaris
244 1099 270 1139 et
281 1105 376 1138 nomen
389 1091 459 1138 fama
471 1100 509 1139 tot
521 1092 586 1140 ferre
600 1108 645 1155 per
658 1107 740 1139 annos

109 1179 217 1226 Tithoni
232 1179 315 1241 prima
328 1187 392 1243 quot
404 1180 476 1228 abest
489 1181 520 1228 ab
535 1180 633 1242 origine
648 1180 752 1229 Caesar.

144 1267 198 1316 Seu
211 1267 269 1330 quis
282 1266 449 1330 Olympiacae
462 1269 568 1315 miratus
581 1269 696 1330 praemia
708 1270 809 1331 palmae

64 1359 91 1403 50
109 1356 192 1419 pascit
205 1369 285 1417 equos
299 1371 343 1404 seu
357 1356 414 1418 quis
428 1356 501 1404 fortis
515 1356 546 1403 ad
561 1364 646 1404 aratra
658 1357 787 1415 iuvencos,

109 1459 221 1508 corpora
232 1445 370 1506 praecipue
384 1451 495 1492 matrum
507 1445 585 1506 legat.
612 1445 710 1506 optima
723 1451 809 1492 torvae

108 1533 193 1581 forma
205 1533 287 1590 bovis,
303 1533 343 1581 oui
357 1540 431 1594 turpe
444 1540 529 1594 caput,
546 1534 586 1580 cui
600 1534 710 1594 plurima
723 1532 817 1591 cervix,

108 1629 133 1670 et
146 1636 250 1670 crurum
263 1628 336 1668 tenus
350 1636 365 1668 a
377 1628 464 1669 mento
478 1621 592 1683 palearia
605 1622 730 1683 pendent;

107 1710 256 1778 tumtlongo
269 1710 356 1756 nullus
369 1709 443 1757 lateri
457 1710 565 1768 modus;
584 1710 671 1757 omnia
684 1725 788 1771 magna,

59 1801 88 1846 55
106 1813 152 1860 pes
165 1798 259 1857 etiam3
280 1805 305 1845 et
318 1798 428 1846 camuris
441 1797 524 1846 hirtae
537 1798 583 1845 sub
598 1797 719 1846 cornibus
733 1812 815 1846 aures.
874 1824 880 1833 -

107 1902 154 1936 nee
167 1887 231 1934 mihi
245 1886 381 1951 displiceat
393 1886 502 1934 maculis
516 1886 624 1947 insignis
638 1894 663 1933 et
676 1886 744 1943 albo,

106 1982 152 2023 aut
163 1976 227 2036 iuga
240 1975 385 2022 detractans
399 1973 579 2035 interdumque
593 1988 684 2036 aspera
697 1989 777 2021 cornu

106 2071 132 2112 et
145 2062 239 2112 faciem
252 2069 326 2109 tauro
338 2062 452 2124 propior,
469 2077 586 2123 quaeque
601 2062 681 2108 ardua
694 2068 748 2108 tota

106 2160 132 2200 et
144 2151 266 2213 gradiens
279 2151 332 2197 ima
344 2151 421 2198 verrit
432 2150 540 2211 vestigia
553 2151 644 2197 cauda.

56 2245 87 2288 60
106 2248 178 2290 aetas
192 2239 320 2287 Lucinam
333 2239 465 2300 iustosque
478 2238 531 2300 pati
545 2238 700 2299 hymenaeos

106 2329 202 2379 desinit
215 2335 274 2375 ante
288 2326 384 2384 dccem,
400 2334 458 2388 post
471 2333 592 2388 quattuor
605 2326 695 2388 incipit
708 2341 789 2373 annos
800 2343 806 2385 ς

106 2425 193 2466 cetera
205 2430 253 2464 nec
267 2415 364 2462 feturae
377 2413 471 2461 habilis
485 2429 532 2462 nec
545 2414 617 2461 fortis
632 2415 731 2462 aratris.

105 2506 214 2562 interea,
230 2509 334 2564 superat
346 2501 467 2563 gregibus
480 2503 541 2550 dum
554 2503 622 2550 laeta
634 2502 758 2561 iuventas,

105 2595 177 2642 solve
189 2607 291 2651 mares3
313 2591 384 2640 mitte
398 2591 424 2639 in
438 2591 564 2640 Venerem
577 2591 698 2655 pecuaria
710 2590 807 2656 primus
