1808 2956
248 183 396 222 Anufflnos
416 184 503 222 LIBER
523 185 561 222 V1.
742 178 755 224 3
767 178 801 223 15

30 346 54 387 ,0
75 338 143 400 regis
155 337 266 385 Romani
280 339 390 400 primam
403 339 446 400 qui
460 339 560 400 legibus
574 340 663 388 urbem

74 426 202 485 fundabit,
219 424 329 474 Curibus
342 427 426 488 parvis
440 436 465 474 et
477 442 589 489 paupere
601 436 667 476 terra

74 515 168 562 missus
181 515 208 562 ln
221 514 356 576 imperium
369 528 502 574 magnum.
530 516 570 563 cui
584 516 677 564 deinde
690 516 786 565 subibit

75 604 129 651 otia
142 603 186 665 qui
200 610 301 666 rumpet
313 603 411 664 patriae
425 603 571 665 residesque
585 605 697 652 movebit

74 691 167 739 Tullus
180 692 207 738 in
220 705 293 738 arma
305 691 372 738 viros
386 697 411 738 et
423 690 475 737 iam
489 691 595 740 desueta
608 693 743 756 triumphis

30 785 54 829 ‚5
75 779 188 841 agmina.
216 794 293 842 quem
305 780 378 827 iuxta
390 779 505 840 sequitur
518 780 655 828 iactantior
667 783 764 838 Ancus,

75 882 144 915 nunc
163 882 267 929 quoque
286 867 338 914 iam
361 867 470 914 nimium
494 867 610 928 gaudens
634 869 802 930 popularibus

377 955 455 1002 auris.

74 1043 112 1090 vis
126 1050 150 1091 et
163 1043 319 1105 Tarquinios
333 1057 406 1104 reges
420 1043 585 1104 animamque
599 1044 735 1106 superbam

75 1131 166 1179 ultoris
178 1131 252 1179 Bruti
265 1131 398 1192 fascesque
412 1131 497 1179 videre
510 1133 644 1194 receptos?

76 1219 189 1268 consulis
201 1220 337 1282 imperium
351 1220 393 1267 bic
406 1220 504 1281 primus
518 1235 657 1283 saevasque
670 1236 771 1270 secures

30 1313 55 1356 20
75 1307 185 1370 accipiet
197 1316 323 1369 natosque
336 1315 408 1369 pater
421 1322 488 1356 nova
501 1308 570 1357 bella
582 1318 713 1357 moventes

75 1396 107 1443 ad
121 1410 232 1458 poenam
246 1396 355 1458 pulchra
367 1410 414 1458 pro
428 1396 545 1444 libertate
558 1398 668 1455 vocabit,

72 1483 172 1532 infelix.
200 1490 339 1546 utcumque
353 1483 435 1531 ferent
448 1499 478 1532 ea
491 1484 559 1532 facta
572 1485 692 1543 minores,

73 1573 160 1619 vincet
172 1587 245 1619 amor
257 1573 356 1635 patriae
369 1573 528 1635 laudumque
541 1574 659 1621 inmensa
671 1574 775 1635 cupido.

75 1660 138 1722 quin
151 1660 246 1708 Decios
259 1660 411 1722 Drusosque
423 1662 514 1722 procul
528 1675 682 1723 saevamque
695 1662 777 1709 securi

30 1753 54 1796 25
76 1748 162 1810 aspice
175 1748 337 1810 Torquatum
350 1757 375 1796 et
392 1748 544 1796 referentem
562 1749 635 1810 signa
650 1747 799 1797 Camillum.

74 1836 136 1884 illae
150 1843 247 1894 autem,
269 1836 372 1898 paribus
387 1851 450 1898 quas
464 1836 563 1897 fulgere
577 1837 660 1885 cernis
673 1838 700 1884 in
713 1838 799 1895 armis,

75 1924 217 1973 concordes
231 1925 333 1972 animae
346 1939 415 1972 nunc
428 1932 453 1972 et
470 1925 530 1972 dum
547 1933 623 1973 nocte
641 1933 800 1988 premuntur,

74 2012 126 2062 heu
139 2020 264 2074 quantum
277 2013 343 2060 inter
356 2027 382 2061 se
395 2013 501 2071 bellum,
516 2013 538 2060 si
551 2014 649 2061 lumina
662 2013 728 2061 vitae

75 2101 215 2162 attigerint,
231 2109 341 2163 quantas
354 2101 422 2149 acies
435 2108 599 2164 stragemque
613 2101 731 2149 ciebunt!

30 2195 55 2237 ιο
75 2189 212 2250 aggeribus
226 2203 300 2236 socer
312 2189 415 2251 Alpinis
429 2197 506 2251 atque
519 2205 577 2239 arce
590 2189 709 2237 Monoeci

76 2278 243 2335 descendens,
258 2291 338 2338 gener
351 2276 462 2326 adversis
475 2277 614 2325 instructus
627 2277 697 2324 Eois.

75 2380 116 2424 ne,
132 2365 214 2428 pueri,
230 2379 262 2413 ne
276 2373 348 2412 tauta
360 2365 452 2412 animis
466 2365 609 2413 adsuescite
622 2365 691 2413 bellu

76 2469 126 2502 neu
140 2455 238 2516 patriae
252 2453 349 2500 validas
363 2453 388 2500 in
403 2453 501 2501 viscera
513 2453 601 2501 vertite
615 2453 696 2509 vires;

76 2549 155 2605 tuque
168 2543 247 2605 prior,
263 2549 290 2589 tu
304 2556 389 2603 parce,
405 2555 486 2603 genus
500 2541 545 2604 qui
558 2541 632 2589 ducis
644 2540 782 2601 Olqmqm
854 2553 861 2563 ¹

30 2635 52 2675 35
68 2630 160 2691 proice
173 2630 225 2678 tela
237 2645 328 2691 manu,
345 2632 458 2697 sanguis
469 2631 566 2681 meusl
