1808 2956
305 186 453 226 Ananrnos
474 188 562 227 Lrana
580 189 620 226 IV.
800 181 836 228 22
846 182 860 227 5

134 343 239 392 confieri
253 343 334 405 possit
346 345 444 406 paucis,
460 345 571 403 adverte,
588 345 695 392 docebo.

132 439 253 480 venatum
265 431 368 480 Aeneas
381 447 484 495 unaque
497 433 640 481 miserrima
651 433 722 481 Dido

133 522 160 568 in
174 536 264 569 nemus
278 521 315 569 ire
327 528 428 584 parant,
444 521 488 568 ubi
501 521 598 583 primos
612 522 738 570 crastinus
752 530 822 571 ortus

133 610 254 658 extulerit
266 609 344 657 Titan
357 611 488 672 radiisque
500 609 621 658 retexerit
633 610 730 658 orbem.

64 705 113 747 120
132 699 172 746 his
186 714 235 760 ego
248 699 394 760 nigrantem
407 699 547 746 commixta
560 699 687 759 grandine
700 699 824 758 nimbum,

133 788 195 834 dum
208 787 338 848 trepidant
351 787 408 834 alae
421 787 555 849 saltusque
567 787 690 849 indagine
704 788 819 850 cingunt,

133 877 242 939 desuper
254 875 389 923 infundam
403 883 427 923 et
439 876 536 923 tonitru
550 876 650 923 caelum
664 891 740 925 omne
754 877 836 926 ciebo.

133 965 270 1026 diffugient
282 965 387 1012 comites
400 971 425 1012 et
437 971 513 1012 nocte
526 971 645 1025 tegentur
658 980 754 1027 opaca3

132 1054 284 1115 speluncam
295 1052 366 1099 Dido
380 1053 432 1099 dux
445 1059 470 1100 et
482 1052 611 1101 Troianus
625 1055 734 1102 eandem

62 1146 111 1189 125
133 1142 276 1190 devenient.
305 1142 383 1189 adero
397 1147 429 1199 et,
445 1147 491 1188 tua
502 1141 523 1188 si
537 1141 599 1188 mihi
614 1148 684 1190 certa
695 1143 824 1202 voluntas,

132 1229 244 1278 conubio
258 1230 365 1291 iungam
378 1229 464 1276 stabili
477 1230 661 1292 propriamque
674 1231 775 1279 dicabo.

132 1318 175 1366 hic
187 1318 344 1379 hymenaeus
358 1310 424 1366 erit'
449 1333 503 1365 non
517 1319 651 1366 adversata
663 1321 760 1382 petenti

133 1407 224 1454 adnuit
237 1414 314 1469 atque
328 1407 394 1455 dolis
408 1407 464 1454 risit
477 1405 605 1469 Cytherea
617 1409 733 1470 repertis.

169 1494 303 1544 Oceanum
315 1495 413 1543 interea
426 1511 533 1558 surgens
546 1498 649 1544 Aurora
662 1497 775 1558 reliquit.

62 1590 112 1632 130
132 1585 152 1631 it
164 1583 245 1646 portis
258 1584 348 1633 iubare
361 1592 451 1632 exorto
465 1585 565 1633 delecta
577 1585 710 1643 iuventns3

131 1673 197 1720 retia
209 1687 276 1731 rara,
291 1674 393 1735 plagae,
410 1674 462 1721 lato
477 1673 604 1721 venabula
617 1673 684 1720 ferro

131 1761 289 1823 Massylique
302 1769 379 1809 ruont
392 1762 491 1824 equites
504 1769 530 1809 et
542 1761 622 1808 odora
635 1776 728 1809 canum
741 1762 786 1808 vis.

131 1850 248 1911 reginam
262 1851 377 1898 thalamo
391 1859 554 1898 cunctantem
568 1851 600 1897 ad
614 1850 705 1897 limina
718 1851 794 1912 primi

131 1938 279 1986 Poenorum
292 1946 437 2000 expectant,
454 1945 574 2001 ostroque
587 1939 695 1999 insignis
708 1945 734 1986 ct
745 1954 809 1986 auro

26 2037 29 2040 ’
61 2031 111 2075 135
131 2020 183 2074 sta't
194 2027 297 2089 sonipes
311 2042 341 2074 ac
354 2027 428 2074 irena
440 2026 513 2074 ferox
525 2027 673 2088 spumantia
685 2027 792 2074 mandit.

131 2116 236 2164 tandem
249 2115 412 2177 progreditur
425 2130 520 2176 magna
533 2116 644 2178 stipante
658 2122 768 2172 caterva,

131 2202 267 2252 Sidoniam
280 2204 349 2266 picto
363 2203 525 2265 chlamydem
538 2204 697 2252 circumdata
709 2203 797 2251 limbo.

131 2292 173 2341 cui
186 2293 307 2355 pharetra
319 2307 352 2340 ex
365 2307 438 2349 auro,
454 2293 536 2340 crines
549 2293 679 2339 nodantur
691 2292 718 2338 in
732 2307 832 2350 aarum,

132 2396 210 2429 aurea
222 2395 378 2444 purpuream
391 2380 519 2428 subnectit
532 2380 612 2428 fibula
623 2387 728 2427 vestem.

61 2475 111 2517 140
131 2484 244 2518 necnon
258 2477 283 2517 et
294 2469 400 2531 Phrygii
415 2468 520 2517 comites
535 2475 560 2516 at
572 2469 655 2516 laetus
667 2468 739 2516 Iulus
760 2474 767 2487 ·

131 2559 261 2606 incedunt.
289 2559 345 2623 ipse
358 2565 419 2608 ante
433 2559 501 2609 alios
514 2557 717 2623 pulcherrimus
730 2551 825 2599 omnixe

119 2645 200 2694 infert
211 2662 239 2696 se
251 2651 360 2701 socium
374 2652 486 2704 Aeneas
503 2657 592 2717 atque
607 2631 861 2710 agmina'xongws

94 2725 218 2780 Vergilius.
712 2722 759 2768 hb
