1808 2956
106 265 168 312 314
346 274 372 312 Ρ.
389 273 511 312 vntrdlnr
531 273 662 314 nanctus

175 436 325 492 septemque
337 443 390 476 nna
402 429 450 476 sibi
464 444 538 477 muro
552 429 723 478 circumdabit
735 445 827 491 arces,-

176 517 239 565 felix
251 518 323 580 prole
336 518 434 575 rirum;
455 517 539 580 qualis
552 517 706 579 Berecyntia
719 527 805 568 mater

104 607 119 653 7
124 609 156 653 85
176 605 304 653 invehitur
317 620 392 654 curru
405 605 530 667 Phrygias
544 605 635 653 turrita
647 620 693 668 per
706 606 794 667 urbes,

176 694 244 741 laeta
258 694 334 742 deum
347 700 430 755 partu,
447 700 550 740 centum
563 694 691 756 conplexa
705 702 825 757 nepotes,

176 782 259 829 omnis
273 780 419 839 caelicolas,
434 780 518 828 omnis
532 796 625 843 supera
638 783 691 829 alta
703 784 827 831 tenentis.

175 870 225 917 huc
239 870 355 931 geminas
367 882 437 916 nunc
447 868 520 917 flecte
532 869 609 927 acies,
625 869 693 917 hanc
704 871 794 932 aspice
804 879 866 933 gent

174 956 359 1020 Romanosque
371 965 438 1003 tuos.
466 956 508 1005 hic
522 954 619 1006 Caesar
631 964 656 1005 et
669 958 754 1006 omnis
767 960 819 1008 Iuli

104 1049 119 1094 t
123 1050 156 1094 90
175 1046 322 1108 progenies,
338 1058 461 1104 magnum
475 1044 540 1092 caeli
554 1052 661 1094 ventura
673 1045 720 1092 sub
735 1062 821 1096 axem.

122 1147 124 1151 ·
175 1135 217 1182 hic
230 1135 281 1192 vir,
297 1133 338 1181 hic
352 1140 390 1179 est
407 1132 452 1179 tibi
466 1147 542 1194 quem
555 1134 669 1195 promitti
683 1117 787 1197 saepius
800 1136 866 1183 audii

175 1223 308 1282 Augustus
323 1219 427 1279 Caesar,
443 1221 599 1283 divigenus,
616 1237 694 1270 aurea
706 1225 803 1272 condet

175 1309 280 1357 saecula
293 1309 336 1370 qui
351 1323 438 1356 rursus
451 1309 527 1357 Latio
541 1318 649 1371 regnata
661 1325 707 1372 per
721 1327 783 1359 arra

176 1397 287 1446 Saturno
302 1397 449 1458 quondam,
470 1413 546 1460 super
565 1407 590 1446 et
602 1397 775 1447 Garamantas
790 1408 816 1449 et
827 1401 866 1449 In<

103 1489 154 1535 795
175 1485 288 1548 proferet
300 1484 437 1546 imperinm
449 1485 529 1546 (iacet
541 1495 614 1535 extra
627 1488 713 1535 sidera
727 1488 815 1547 tellus,

175 1579 248 1621 extra
260 1572 321 1620 enni
335 1572 449 1634 solisque
461 1575 524 1633 vias,
539 1574 583 1622 ubi
597 1574 702 1623 caelifer
713 1576 791 1624 Atlas

175 1677 251 1710 axem
263 1674 353 1708 umero
367 1668 469 1722 torquet
481 1663 562 1711 stellis
575 1663 725 1710 ardentibus
739 1665 851 1728 aptum).

174 1750 250 1798 huius
263 1752 290 1798 in
304 1751 441 1798 adrentum
454 1751 506 1798 iam
520 1766 588 1799 nunc
602 1759 627 1799 et
640 1749 736 1813 Caspia
749 1767 832 1814 regna

174 1840 303 1902 responsis
317 1839 423 1887 horrent
435 1840 520 1886 divom
534 1847 559 1887 et
571 1839 685 1886 Maeotia
697 1839 773 1886 tellus

103 1931 155 1974 800
176 1936 201 1977 et
214 1927 409 1990 septemgemini
423 1927 527 1976 turbant
539 1927 640 1989 trepida
653 1927 720 1974 ostia
731 1927 795 1976 Nili.

175 2030 222 2064 nec
235 2031 295 2064 vero
307 2017 414 2064 Alcides
428 2023 528 2064 tanturn
540 2016 639 2063 telluris
653 2015 742 2073 obivit,

174 2103 259 2152 fixerit
271 2105 419 2167 aeripedem
432 2119 530 2152 cervam
546 2104 605 2152 licet
618 2111 663 2150 aut
674 2103 828 2164 Erymanthi

174 2194 275 2254 pacarit
287 2207 394 2240 nemora
407 2200 433 2240 et
444 2192 557 2240 Lernam
570 2191 740 2239 tremefecerit
752 2207 825 2253 arcu,

174 2295 222 2329 nec
235 2282 279 2345 qui
292 2281 436 2344 pampineis
449 2281 529 2328 victor
542 2281 603 2341 iuga
615 2280 693 2328 flectit
706 2280 815 2329 habenis

104 2374 154 2419 805
174 2369 262 2429 Liber,
277 2383 356 2430 agens
370 2371 439 2418 celso
452 2369 536 2431 Nysae
549 2369 580 2416 dc
593 2368 687 2417 vertice
700 2368 788 2429 tigres.

175 2466 201 2505 et
213 2457 359 2506 dubitamus
374 2457 459 2505 adhuc
471 2457 590 2505 virtutem
603 2457 741 2505 extendere
754 2457 829 2506 factis

176 2553 220 2593 aut
231 2555 314 2596 metus
327 2546 445 2595 Ausonia
458 2543 577 2608 prohibet
590 2546 729 2593 consistere
742 2546 829 2594 terra?

175 2635 233 2697 quis
246 2635 338 2698 procul
351 2635 396 2683 ille
409 2640 495 2682 antem
508 2633 586 2681 ramis
598 2634 707 2695 insignis
721 2634 805 2683 olivae

160 2737 238 2774 sacra
250 2723 361 2776 serem?
386 2738 469 2775 nosco
482 2722 562 2774 crinis
574 2721 725 2786 incanaque
734 2729 826 2769 menta
