1808 2956
59 187 117 233 13¹1
295 196 320 234 Ρ.
338 195 459 234 VERGILI
478 193 609 233 MARONIS

126 359 229 414 torquet
254 366 332 414 agens
359 351 455 399 circum
479 357 504 399 et
526 350 631 412 rapidus
649 357 723 397 vorat
742 364 851 412 aequore

426 447 522 487 vertex.

126 529 251 592 adparent
263 529 314 576 rari
328 536 418 576 nantes
431 529 458 574 in
471 529 573 590 gurgite
586 535 666 586 vasto,

126 618 292 666 armannum
305 616 459 678 tabulaeque
472 625 497 664 et
509 617 589 664 Troia
601 631 666 678 gaza
678 631 724 678 per
738 616 828 662 undas.

59 711 107 753 120
126 707 179 754 iam
191 706 303 754 validam
316 705 408 754 Ilionei
422 720 522 764 navem,
537 706 590 752 iam
604 704 676 752 tortis
689 704 816 762 Achatae.

126 802 152 843 et
164 810 215 857 qua
227 801 313 843 vectus
325 793 397 841 Abas
411 801 436 841 ct
448 807 500 855 qua
513 793 672 854 grandaevos
685 793 783 850 Aletes,

126 883 186 931 vicit
198 883 290 941 hiems,
305 882 372 931 laxis
385 883 495 930 laterum
508 881 667 944 conpagibus
681 895 771 929 omnes

127 972 257 1034 accipiunt
269 971 402 1018 inimicum
416 971 524 1018 imbrem
537 971 659 1032 rimisque
673 969 804 1017 fatiscunt.

162 1060 263 1107 Interea
276 1073 371 1120 magno
384 1059 485 1106 misceri
499 1073 628 1106 murmure
641 1065 750 1120 pontum

59 1152 107 1195 125
127 1148 297 1209 emissamque
309 1148 420 1195 hiemem
432 1149 513 1196 sensit
524 1147 657 1210 Neptunus
671 1154 697 1194 et
708 1147 767 1194 imis

126 1243 219 1296 stagna
232 1235 408 1294 resumendis,
424 1237 534 1298 graviter
547 1242 706 1293 commotus3
728 1240 753 1282 et
766 1236 819 1283 alto

127 1323 285 1386 prospiciens
299 1339 400 1371 summa
412 1325 543 1386 placidum
557 1332 633 1386 capnt
646 1324 739 1371 extulit
751 1324 829 1371 unda.

127 1412 260 1460 disiectam
273 1412 378 1461 Aeneae
390 1420 444 1460 toto
457 1412 526 1460 videt
538 1427 650 1474 aequore
663 1413 781 1470 classem,

126 1500 244 1549 fluctibus
258 1515 394 1563 oppressos
407 1500 489 1548 Troas
503 1501 620 1563 caelique
633 1501 716 1548 ruina.

60 1594 108 1638 1³0
127 1604 175 1638 nee
187 1590 285 1638 latuere
299 1590 352 1637 doli
366 1589 470 1636 fratrem
482 1589 589 1636 Iunonis
603 1597 628 1636 et
641 1591 703 1637 irae.

127 1679 225 1726 Eurum
243 1679 276 1725 ad
295 1692 322 1725 sc
341 1677 538 1740 Zephyrumque
561 1686 650 1736 vocat,
677 1678 771 1726 dehinc
794 1678 855 1726 talia

429 1766 504 1812 fatur.

161 1856 287 1903 ‘Tantane
300 1869 344 1902 vos
357 1855 458 1915 generis
472 1855 553 1902 tenuit
566 1855 661 1902 fiducia
675 1855 768 1903 vestri?

127 1945 178 1992 iam
192 1945 292 1993 caelum
305 1951 451 2005 terramque
465 1958 522 1990 meo
535 1943 591 1991 sine
604 1944 719 2001 numine,
735 1944 812 2001 venti,

126 2033 233 2082 miscere
246 2040 271 2081 et
284 2039 368 2080 tantas
382 2032 480 2079 audetis
494 2031 585 2079 tollere
598 2032 696 2081 moles?

59 2124 107 2168 135
128 2137 192 2183 quos
211 2136 259 2184 ego
272 2149 315 2167 —.
355 2120 399 2168 sed
413 2119 496 2168 motos
510 2127 623 2182 praestat
636 2135 784 2182 conponere
796 2120 855 2167 flue-

428 2217 482 2257 tus:

127 2305 186 2360 post
198 2298 262 2346 mihi
276 2313 328 2346 non
341 2298 419 2346 simili
432 2312 517 2360 poena
531 2297 668 2345 commissa
681 2297 765 2344 luetis.

128 2393 254 2435 maturate
266 2387 355 2448 fugam
368 2387 474 2449 regique
487 2387 552 2434 haee
565 2385 642 2433 dicite
655 2392 748 2444 vestro,

129 2489 181 2522 non
195 2475 233 2523 illi
246 2475 383 2538 imperium
395 2475 481 2537 pelagi
495 2489 649 2537 saevomque
662 2475 809 2532 tridentem,

128 2564 172 2611 sed
185 2564 249 2611 mihi
261 2570 330 2612 sorte
343 2563 440 2610 datum.
468 2570 537 2612 tenet
549 2563 593 2611 ille
606 2563 723 2610 inmania
735 2578 807 2621 saxa,

60 2652 109 2697 140
128 2658 232 2712 vestras,
247 2652 324 2711 llere,
341 2652 447 2710 domos3
468 2651 515 2700 illa
527 2666 554 2699 se
567 2652 644 2699 iactet
657 2652 683 2698 in
698 2652 759 2699 aula
