1808 2956
301 139 422 187 necoda
438 143 500 187 vm.
761 140 796 187 31

110 303 196 352 ducite
216 303 247 351 ab
268 304 331 352 urbe
351 304 472 363 domum,
493 319 551 352 mea
564 305 693 364 carmina,
716 306 801 354 ducite

376 393 517 454 Daphnim.

73 489 148 530 terna
161 480 207 527 tibi
220 480 285 528 haec
298 482 409 543 primum
422 481 516 543 triplici
531 482 632 529 diversa
645 483 730 530 colore

73 570 135 618 iicia
148 569 288 626 circumdo,
303 576 392 632 terque
405 570 469 618 haec
483 571 576 617 altaria
589 572 684 619 circum

28 663 53 707 1'5
74 658 186 718 effigiem
200 657 283 715 ducc;
305 672 411 706 numero
425 658 487 706 dcua
499 659 590 721 inpare
603 659 706 719 gaudet.

110 745 195 792 ducite
215 744 246 792 ab
266 745 329 793 urbe
348 746 468 804 domum,
489 761 547 794 mea
566 747 695 805 carmina,
717 747 802 796 ducite

375 834 517 896 Daphnim.

74 929 148 970 necte
161 921 241 968 tribus
254 923 329 969 nodis
342 929 436 981 ternos,
452 923 588 985 Amarylli,
605 925 714 982 colores,

74 1018 163 1069 necte,
184 1009 328 1073 Amarylli,
350 1012 428 1058 modo
449 1018 474 1058 et
487 1001 614 1059 ‘Veneris’
634 1013 674 1060 dic
687 1001 803 1060 ‘vincula

377 1091 471 1146 necte.³

110 1187 196 1235 ducite
216 1186 247 1233 ab
270 1186 331 1234 urbe
351 1187 471 1246 domum,
493 1203 551 1236 men
564 1189 694 1247 carmina,
717 1189 802 1237 ducite

375 1275 516 1338 Daphnim.

28 1368 55 1411 30
74 1365 152 1411 limus
166 1370 194 1410 ut
206 1363 248 1410 hic
262 1363 373 1411 durescit
386 1369 411 1410 et
423 1364 487 1411 haee
501 1371 528 1410 ut
542 1379 600 1413 cena
613 1365 732 1426 liquescit

74 1466 128 1498 uno
142 1451 283 1513 codemque
297 1451 360 1513 igni,
376 1452 413 1499 sic
425 1459 512 1499 nostro
526 1452 645 1515 Daphnis
659 1468 755 1501 amore.

75 1554 168 1602 sparge
182 1539 279 1586 molam
292 1546 317 1587 et
329 1540 428 1601 fragilis
440 1540 549 1588 incende
566 1541 690 1588 bitumine
704 1542 799 1588 laurus,

73 1627 195 1690 Daphnis
214 1642 255 1675 me
273 1629 357 1675 malus
376 1628 441 1685 urit,
463 1643 511 1690 ego
532 1629 599 1676 hanc
618 1629 645 1676 in
662 1628 802 1690 Daphnide

376 1717 486 1764 laurum.

111 1804 197 1852 ducite
216 1803 247 1851 ab
267 1804 329 1852 urbe
348 1805 467 1863 domum,
488 1819 546 1852 mea
565 1806 694 1863 earmina,
717 1804 801 1853 ducite

312 1879 315 1882 ’
374 1893 517 1956 Daphnim.

28 1983 55 2027 ⁸5
74 1981 134 2028 talis
147 1994 221 2027 amor
233 1980 365 2043 Daphnim
379 1982 462 2043 qualis
477 1997 535 2028 cnm
548 1982 615 2029 iesca
628 1981 763 2028 iuvencum

74 2083 120 2130 pcr
133 2082 239 2115 nemora
252 2076 328 2131 capue
342 2070 407 2117 altos
421 2070 568 2131 quaerendo
582 2069 676 2117 bucula
689 2070 760 2116 lucos

74 2164 180 2219 propter
193 2171 275 2219 aquae
288 2157 369 2204 rivom
382 2157 456 2205 viridi
470 2157 616 2219 procumbit
628 2158 655 2204 in
668 2159 736 2215 ulva,

73 2245 184 2306 perdita,
200 2259 247 2291 nec
260 2259 332 2293 serae
344 2245 462 2294 meminit
474 2245 597 2293 decedere
611 2247 688 2304 nocti,

74 2332 134 2379 talis
149 2347 221 2379 amor
234 2339 327 2392 teneat,
342 2349 390 2381 nec
403 2334 436 2381 sit
448 2333 511 2380 mihi
525 2349 586 2380 cura
599 2335 704 2382 mederi.

28 2424 55 2467 90
112 2421 197 2468 ducite
215 2419 247 2466 ah
266 2420 329 2468 urbe
349 2422 470 2479 domuin,
492 2436 549 2468 mea
567 2424 695 2480 carmina,
718 2421 802 2470 ducite

375 2509 517 2572 Daphnim.

75 2593 123 2642 has
137 2595 199 2644 olim
213 2596 316 2644 exuviae
329 2597 392 2644 mihi
405 2598 517 2661 perfidus
530 2598 577 2647 iiie
587 2598 712 2661 centum,
