1808 2956
308 167 457 207 tempos
476 169 562 207 LIBER
577 170 607 208 ΙΙ.

53 329 108 373 615
129 325 182 372 iam
195 338 308 371 summas
323 339 393 371 arces
406 324 533 381 Tritonia,
549 326 656 386 respice,
672 325 759 373 Pallas

129 413 232 470 insedit,
248 411 328 459 limbo
342 412 466 473 effulgens
480 419 505 460 et
518 411 640 474 Gorgone
653 427 736 460 saera.

128 501 184 562 ipse
197 508 270 562 pater
282 500 381 548 Danais
395 501 495 547 animos
508 501 624 564 viresque
637 501 763 548 secundas

128 589 232 646 suffieit,
247 589 301 650 ipse
316 587 377 634 deos
390 588 417 633 in
429 587 554 636 Dardana
567 590 673 637 suscitat
686 604 765 636 arma.

129 677 208 739 eripe,
224 685 292 732 nate,
308 676 395 737 lugam
409 676 536 738 finemque
550 678 645 739 inpone
658 677 750 724 labori.

55 769 109 812 6ἳο
130 778 258 827 nusquam
272 764 349 811 abero
363 774 387 812 et
400 772 482 811 tarnim
496 766 579 827 patrio
593 774 617 813 te
631 766 719 812 limine
732 757 841 813 sistam'

130 852 231 900 dixerat
243 860 268 900 et
280 853 367 914 spissis
381 853 463 900 noctis
477 867 503 900 se
518 854 633 900 condidit
646 853 752 900 umbris.

130 941 256 1003 adparent
270 941 340 989 dirae
353 941 431 988 lacios
445 941 602 1003 inimicaque
615 942 710 990 Troiae

129 1030 238 1076 numina
250 1044 346 1091 magna
359 1031 443 1077 deum.

165 1118 232 1165 Tum
246 1133 304 1165 vero
318 1132 394 1165 omne
407 1118 469 1165 milri
483 1118 564 1164 visum
578 1119 711 1167 considere
725 1119 752 1166 in
767 1119 840 1181 ignes

59 1209 109 1253 625
130 1205 207 1253 llium
221 1215 246 1254 et
258 1221 290 1254 ex
303 1207 355 1253 imo
368 1207 430 1254 verti
443 1205 573 1269 Neptunia
585 1207 680 1267 Troia3

130 1309 160 1343 ae
173 1294 251 1342 veluti
263 1296 369 1342 summis
383 1296 516 1357 antiquam
530 1296 556 1341 in
571 1296 701 1344 montibus
715 1310 806 1344 ornum

130 1398 188 1431 cum
207 1383 275 1431 ferro
295 1384 406 1431 accisam
426 1384 572 1446 crebrisque
591 1383 745 1447 bipennibus
763 1384 859 1431 instant

130 1486 217 1520 eruere
232 1473 361 1532 agricolae
375 1473 499 1529 certatim,
515 1473 562 1519 illa
576 1487 655 1534 usque
669 1473 781 1519 minatur

129 1568 154 1608 et
166 1560 315 1608 tremefacta
329 1575 430 1608 comam
445 1575 570 1608 concusso
584 1561 677 1608 rertiee
690 1568 772 1617 nutat,
820 1610 823 1615 .

58 1651 111 1695 630
129 1648 275 1695 volneribus
290 1649 371 1696 donee
386 1649 520 1710 paullatim
534 1648 615 1696 erieta
627 1662 774 1710 supremum

132 1737 277 1796 congemuit
290 1737 419 1798 traxitque
432 1737 498 1796 iugis
513 1736 600 1783 avolsa
613 1736 723 1782 ruinam.

132 1823 257 1871 deseeudo
271 1839 301 1872 ae
315 1825 423 1872 ducente
438 1825 485 1871 deo
499 1824 628 1872 flammam
642 1823 708 1871 inter
721 1830 746 1870 et
759 1823 839 1871 hostis

132 1912 268 1974 expedior;
290 1913 352 1960 dant
369 1913 420 1960 tela
437 1913 524 1960 locum
541 1913 710 1974 flanrmaeque
724 1912 855 1960 recedunt.

166 2002 251 2063 Atque
262 2001 307 2048 ubi
318 2001 370 2047 iam
382 2001 480 2062 patriae
493 2008 641 2062 perventum
653 2001 685 2047 ad
694 2000 783 2048 limina
791 2001 858 2049 sedis

60 2094 110 2137 635
131 2090 301 2151 antiquasque
315 2090 414 2146 domos,
430 2089 541 2150 genitor,
558 2103 634 2151 quem
647 2089 738 2137 tollere
751 2089 777 2135 in
792 2089 857 2136 altos

131 2177 252 2241 optabam
266 2178 376 2240 primum
390 2177 484 2225 montis
498 2177 660 2239 primumque
674 2177 801 2239 petebam,

132 2267 243 2328 abnegat
256 2267 342 2315 excisa
355 2266 433 2313 vitam
446 2266 588 2328 producere
601 2265 681 2313 Troia

131 2356 289 2418 exiliumque
302 2355 364 2418 pati.
389 2343 444 2401 ‘vos
458 2369 482 2412 o,
499 2353 592 2415 quibus
605 2354 704 2414 integer
717 2353 771 2401 aeri

132 2437 244 2507 sanguis'
258 2445 294 2492 ait
303 2434 464 2504 ‘solidaeque
477 2456 523 2490 suo
537 2449 606 2488 stant
619 2441 710 2488 robore
724 2442 796 2496 vires,

59 2541 112 2583 640
132 2549 176 2581 vos
191 2535 284 2596 agitate
298 2533 395 2595 fugam.

123 2636 165 2669 me
176 2622 200 2669 st
214 2623 359 2678 caelicolae
374 2620 532 2680 doluissent
544 2624 648 2679 tricae
660 2617 765 2668 xxxam,
