1808 2956
341 156 462 197 annosa
476 157 527 218 vn,

104 322 131 363 et
144 328 211 377 quae
224 328 269 361 vos
282 328 341 360 rara
353 313 441 360 viridis
455 314 519 375 tegit
531 313 636 361 arbutus
649 314 749 372 umbra,

104 403 244 451 solstitium
258 403 343 465 pecori
358 402 501 451 defendite:
522 404 574 451 iam
587 403 658 450 venit
670 411 752 451 aestas

104 492 212 549 torrida,
227 492 280 539 iam
293 492 361 539 laeto
375 497 478 552 turgent
491 491 516 537 in
531 491 637 552 palmite
650 506 776 553 gemmae.

103 597 127 628 r.
149 580 199 628 Hic
212 579 284 628 focus
299 586 324 627 et
336 580 427 627 taedae
439 580 557 641 pingues,
573 579 615 626 hie
627 581 753 642 plurimus
765 579 832 640 ignis

56 675 84 718 50
103 683 206 731 semper
219 675 244 715 et
256 668 365 715 adsidua
377 675 463 730 postes
477 668 585 729 fuligine
599 669 665 729 nigri
678 685 684 727 3

104 758 147 805 hie
161 763 261 803 tantum
272 756 372 804 Boreae
386 771 504 804 curamus
518 757 616 818 frigora
628 763 754 819 quantum

105 854 150 893 aut
163 859 298 892 nnmerum
312 846 387 906 lupus
401 853 446 892 ant
458 846 580 892 torrentia
597 845 704 892 flumina
716 845 794 907 ripas.

140 949 165 982 o.
188 933 263 981 Stant
276 940 301 981 et
313 933 423 995 iuniperi
437 941 462 981 et
474 942 610 982 castaneae
623 934 745 993 hirsutae,

103 1031 185 1071 strata
193 1023 278 1070 iacent
289 1022 384 1085 passim
395 1037 442 1069 sna
451 1037 570 1084 quaeque
582 1023 628 1070 sub
641 1023 732 1072 arbore
743 1037 830 1086 poma,

56 1117 84 1160 55
105 1112 194 1160 omnia
207 1126 275 1160 nunc
289 1112 387 1159 rident:
409 1111 469 1158 atsi
483 1111 610 1159 formosus
624 1111 714 1158 Alexis

103 1199 235 1248 montibus
248 1200 288 1247 his
302 1199 386 1258 abeat,
401 1199 488 1248 iridens
502 1206 527 1247 et
538 1199 644 1247 flumina
657 1200 735 1246 sicca.

102 1306 126 1337 r.
149 1289 214 1336 Aret
226 1302 301 1349 ager,
316 1287 378 1334 vitio
392 1288 504 1335 moriens
517 1289 570 1335 sitit
582 1289 647 1335 aeris
661 1287 749 1335 herba.

105 1376 184 1425 Liber
196 1376 347 1438 pampineas
360 1376 452 1423 invidit
465 1375 573 1424 collibus
588 1376 705 1423 umbras:

106 1466 233 1528 Phyllidis
246 1465 357 1513 adventu
370 1472 473 1513 nostrae
486 1479 575 1512 nemus
589 1479 665 1512 omne
677 1464 776 1523 n'rebit,

56 1559 86 1602 60
104 1555 222 1617 Iuppiter
235 1561 260 1602 et
272 1554 339 1602 laeto
353 1554 491 1602 descendet
502 1554 627 1615 plurimus
641 1553 724 1599 imbri.

141 1658 166 1690 c.
189 1643 304 1705 Populus
317 1643 426 1690 Alcidae
439 1642 594 1703 gratissima,
610 1642 666 1688 vitis
680 1641 783 1698 Iaccho,

106 1733 236 1779 formosae
248 1737 345 1792 myrtus
358 1731 462 1789 Veneri,
478 1746 524 1778 sua
538 1732 625 1779 laurea
638 1730 759 1778 Phoebo:

106 1820 204 1882 Phyllis
219 1826 288 1866 amat
301 1820 418 1881 corylos3
439 1819 496 1867 illas
511 1820 571 1866 dum
584 1819 682 1881 Phyllis
696 1819 801 1877 amabit,

106 1924 155 1956 nee
167 1916 264 1970 myrtus
277 1908 362 1955 vincet
375 1908 476 1969 corylos
489 1923 538 1956 nee
551 1909 639 1955 laurea
652 1908 759 1955 Phoebi.

56 2002 86 2044 65
106 2013 130 2043 r.
152 1996 279 2044 Fraxinus
293 1996 319 2043 in
332 1996 402 2044 silvis
415 1996 596 2058 pulcherrima,
612 1996 688 2058 pinus
701 1996 728 2042 in
741 1996 831 2053 hortis,

104 2085 218 2147 populus
231 2085 258 2131 in
271 2085 362 2143 fluviis,
378 2085 448 2132 abies
461 2085 488 2131 in
502 2084 631 2131 montibus
646 2085 718 2131 altis:

105 2173 209 2235 saepius
222 2179 249 2219 at
261 2173 281 2219 si
296 2187 345 2230 me,
361 2172 461 2234 Lycida
473 2173 593 2230 formose,
609 2173 713 2231 revisas,

106 2261 223 2308 fraxinus
237 2261 263 2307 in
277 2261 346 2308 silvis
360 2262 435 2309 cedat
447 2261 502 2322 tibi,
518 2262 594 2323 pinus
607 2262 634 2308 in
648 2262 736 2309 hortis.

143 2365 171 2396 u.
193 2349 263 2397 Haec
281 2349 400 2408 memini,
422 2357 446 2398 et
462 2351 557 2397 victum
574 2351 667 2397 frustra
680 2351 834 2398 contendere

408 2438 536 2500 Thyrsim.

56 2533 87 2577 70
107 2541 140 2576 ex
152 2526 199 2574 illo
213 2524 336 2588 Corydon
350 2525 472 2589 Corydon
485 2533 523 2574 est
535 2533 648 2589 tempore
660 2526 744 2574 nobis.
