1808 2956
233 315 381 355 nunumos
399 316 487 355 urana
502 317 534 355 x.
608 321 611 328 ¹
718 306 776 353 441

54 488 107 522 nno
121 474 148 521 in
162 473 240 521 corde
252 473 337 535 pudor
349 473 481 535 mixtoque
494 473 596 521 insania
609 474 680 522 luctu

55 563 93 626 [et
105 561 178 609 furiis
192 561 302 623 agitatus
316 577 389 610 amor
401 568 426 609 et
439 562 543 610 conseia
553 562 655 625 virtus].

54 659 132 714 atque
145 651 188 698 hic
200 650 309 697 Aenean
322 664 414 711 magna
429 658 467 699 ter
478 665 541 699 voce
554 651 668 698 vocavit:

54 740 158 788 Aeneas
172 738 277 799 agnovit
290 739 357 786 enim
372 739 505 801 laetusque
518 746 645 801 precatur,

10 834 34 877 '5
52 818 101 876 ‘sie
114 834 187 889 puter
200 827 244 874 ille
257 828 334 875 deum
347 827 433 886 faeiat,
449 828 486 876 sie
498 829 565 876 altus
578 827 693 889 Apollo!

55 916 165 978 incipias
179 915 295 963 conferre
307 909 433 963 manum.’

56 1012 156 1052 tantum
169 1005 269 1063 effatus,
285 1011 310 1052 et
322 1005 414 1052 infesta
426 1005 495 1052 subit
508 1004 596 1051 obvius
609 1004 692 1051 hasta.

55 1094 100 1142 ille
113 1102 198 1142 autem
208 1083 280 1155 ‘quid
295 1107 336 1140 me
349 1101 446 1155 erepto,
461 1093 616 1152 saevissime,
631 1102 693 1141 nato

55 1183 153 1230 terres?
171 1183 235 1230 haec
247 1182 289 1228 via
301 1181 359 1229 sola
372 1181 420 1229 fuit
432 1198 483 1244 qua
496 1183 603 1244 perdere
615 1196 712 1244 posses.

10 1277 37 1319 30
57 1285 104 1317 nec
117 1278 224 1318 mortem
239 1271 371 1319 horremus
385 1286 432 1319 nec
446 1271 531 1319 divom
546 1270 674 1333 parcimus
688 1270 744 1318 ulli.

58 1358 160 1406 desine:
181 1374 241 1406 nam
254 1359 328 1406 venio
342 1360 479 1407 moriturus
493 1359 594 1408 ethaeo
607 1359 653 1407 tibi
667 1366 743 1422 porto

58 1447 127 1494 dona
139 1439 228 1510 prius’
254 1448 318 1494 dixit
331 1449 462 1511 telumque
476 1448 577 1503 intorsit
589 1448 615 1496 in
630 1449 739 1496 hostem.

56 1536 116 1584 inde
130 1537 200 1584 aliud
214 1551 291 1598 super
304 1543 380 1598 atque
394 1538 464 1585 aliud
478 1538 584 1599 figitque
597 1538 718 1599 volatque

56 1626 154 1685 ingenti
168 1640 247 1686 gyro3
262 1625 306 1672 sed
320 1625 427 1673 sustinet
440 1641 531 1672 aureus
545 1625 632 1672 umbo.

10 1719 36 1762 35
59 1719 96 1759 ter
110 1713 205 1759 circum
219 1713 363 1759 adstantem
376 1714 462 1759 laevos
476 1713 598 1773 equitavit
610 1713 635 1758 in
650 1712 733 1770 orbes,

57 1801 109 1846 tela
121 1814 199 1846 manu
213 1800 318 1858 iacienS,
334 1807 372 1846 ter
384 1814 470 1847 secum
484 1800 577 1847 Troius
591 1800 665 1846 heros

58 1888 188 1934 inmanem
201 1894 289 1935 eereto
304 1887 449 1934 circumfert
462 1887 574 1948 tegmine
587 1886 687 1934 silvam.

58 1977 118 2024 inde
131 1975 174 2023 ubi
189 1983 226 2022 tot
239 1976 346 2022 traxisse
360 1990 454 2034 mores,
470 1982 508 2023 tot
521 1975 620 2037 spicula
632 1975 718 2023 taedet

58 2065 151 2112 vellere
166 2072 190 2112 et
202 2071 326 2126 urguetur
338 2078 426 2126 pugna
439 2078 590 2125 congressus
604 2063 701 2127 iniqua,

10 2161 38 2203 30
58 2155 140 2202 multa
157 2168 261 2202 movens
279 2153 365 2200 animo
379 2153 430 2200 iam
443 2153 548 2200 tandem
561 2153 670 2215 erumpit
682 2160 707 2200 et
719 2153 786 2200 inter

59 2243 191 2291 bellatoris
205 2242 263 2304 equi
278 2257 339 2289 cava
352 2249 468 2304 tempora
482 2241 577 2290 conicit
589 2242 699 2289 hastam.

60 2332 128 2378 tollit
141 2346 167 2380 se
181 2337 307 2378 arrectum
322 2330 467 2392 quadrupes
481 2338 505 2378 et
518 2331 631 2378 calcibus
645 2345 720 2378 auras

58 2419 174 2467 verberat
187 2420 347 2481 effusumque
360 2419 472 2481 equitem
485 2434 561 2482 super
574 2420 627 2482 ipse
640 2426 741 2467 secutus

59 2508 167 2570 inplicat
180 2509 313 2569 eiectoque
326 2507 451 2555 incumbit
465 2522 573 2556 cernuos
587 2523 667 2555 armo.

10 2601 39 2644 95
61 2597 173 2645 clamore
187 2597 329 2646 incendunt
342 2597 442 2645 caelum
456 2597 588 2659 Troesque
601 2597 749 2659 Latinique.

60 2686 165 2734 advolat
177 2687 279 2734 Aeneas
292 2685 438 2748 vaginaque
451 2685 527 2749 eripit
540 2699 633 2733 ensem

58 2781 84 2821 et
93 2789 172 2836 super
183 2774 248 2824 haee
262 2773 316 2823 ‘ubi
330 2791 403 2826 nune
413 2775 572 2826 Mezentius
584 2783 651 2819 acer
663 2764 761 2813 eum
