1808 2956
261 184 409 224 aeneidos
427 183 514 223 arana
531 185 551 224 1.
745 175 801 224 139

32 346 57 390 tt
77 341 147 389 unde
160 356 206 404 per
219 356 265 389 ora
277 355 369 389 novem
381 348 453 389 vasto
467 357 526 390 eum
539 356 668 390 murmure
681 342 774 389 montis

77 430 99 478 it
110 444 182 479 mare
195 438 347 493 proruptum
360 438 385 478 et
397 431 490 493 pelago
503 431 597 492 premit
614 445 674 478 arva
691 431 802 478 sonanti.

77 518 122 566 hie
134 526 220 567 temen
233 520 277 567 ille
290 519 380 566 urbem
392 519 480 566 Patavi
494 519 618 580 sedesque
631 519 727 566 locavit

78 607 237 656 Teucrorum
250 614 276 656 et
287 608 357 669 genti
371 622 465 655 nomen
479 607 549 655 dedit
563 622 684 668 annaque
697 608 754 654 fixit

78 695 167 755 Troia,
182 710 251 743 nunc
264 696 367 758 placida
381 704 518 758 eonpostus
532 711 595 758 paee
609 696 732 757 quiescit:

32 791 57 833 lo
78 798 136 843 noa,
152 791 196 832 tua
208 785 353 847 progenies,
370 785 434 832 caeli
449 784 541 846 quibus
555 784 647 831 adnuis
662 799 754 843 arcem,

78 872 186 920 navibus
201 872 359 936 (infandum)
374 873 472 920 amissis
486 873 562 920 unius
576 873 608 920 ob
623 873 688 919 iram

79 962 213 1024 prodimur
226 968 302 1023 atque
314 962 387 1008 Italis
401 962 477 1021 longe
492 961 661 1021 disiungimur
675 961 734 1008 oris.

79 1050 122 1098 bie
135 1050 236 1112 pietatis
250 1049 350 1097 honos?
370 1050 406 1098 sie
419 1064 466 1096 nos
479 1051 505 1096 in
520 1057 619 1112 sceptra
632 1041 759 1112 reponis?’

117 1137 170 1186 Olli
183 1137 317 1184 subridens
331 1137 464 1184 hominum
478 1145 548 1185 sator
561 1146 638 1200 atque
652 1139 759 1186 deorum

32 1233 57 1276 '15
79 1227 150 1275 voltu
164 1241 215 1288 quo
230 1226 329 1273 eaelum
343 1233 556 1288 tempestatesque
569 1235 670 1274 serenat

79 1316 170 1363 osenla
182 1315 272 1362 libavit
285 1322 369 1372 natae,
386 1314 479 1362 debinc
493 1315 556 1362 talia
568 1316 644 1362 fatur.

78 1403 165 1466 ‘parce
178 1409 256 1462 metu,
273 1401 414 1464 Cytherea:
436 1410 542 1450 manent
553 1403 651 1450 inmota
664 1411 766 1450 tuonrm

80 1492 134 1539 fata
146 1491 208 1550 tibi3
230 1506 317 1539 cernes
331 1492 420 1538 urbem
435 1499 459 1539 et
471 1492 597 1554 promissa
610 1492 700 1539 Lavini

80 1581 184 1628 moenia
197 1580 384 1642 sublimemque
399 1580 462 1628 feres
476 1580 508 1626 ad
522 1580 607 1628 sidera
620 1581 684 1628 eaeli

32 1675 59 1718 30
81 1669 275 1730 magnanimum
289 1670 411 1727 Aenean,
434 1682 517 1729 neque
530 1682 570 1715 me
584 1668 711 1716 sententia
722 1669 805 1717 vertit.

81 1757 123 1805 bic
144 1757 188 1804 tibi
203 1757 289 1819 (fabor
302 1758 385 1816 enim,
407 1757 510 1820 quando
524 1756 588 1804 haee
601 1763 626 1803 te
640 1771 701 1804 eura
713 1771 808 1804 remor-

383 1847 434 1903 det,

81 1934 184 1995 longius
198 1941 223 1981 et
235 1935 338 1982 volvens
351 1934 462 1981 fatorum
475 1949 569 1982 areana
582 1934 702 1997 movebo)

81 2023 178 2070 bellum
191 2022 281 2084 ingens
294 2030 366 2083 geret
378 2023 455 2070 Italia
467 2024 628 2086 populosque
641 2022 738 2071 feroces

81 2111 223 2159 contundet
234 2125 370 2172 moresque
383 2112 442 2158 viris
456 2118 481 2158 et
493 2112 595 2159 moenia
608 2120 695 2174 ponet,

32 2205 60 2248 55
81 2200 159 2248 tertia
171 2200 232 2247 dum
245 2199 320 2246 Latio
335 2207 486 2260 regnantem
499 2201 590 2249 viderit
602 2208 685 2248 aestas

81 2297 206 2350 ternaque
219 2289 366 2336 transierint
378 2289 478 2336 Rutulis
492 2289 600 2337 hiberna
614 2289 734 2337 subactis.

82 2386 108 2424 at
120 2391 184 2439 puer
196 2377 334 2435 Ascanius,
351 2378 390 2424 cui
404 2392 473 2426 nune
487 2393 629 2439 cognomen
644 2378 701 2425 lule

82 2466 185 2513 additur
198 2465 263 2527 (Ilus
278 2473 332 2512 erat
345 2467 406 2512 dum
419 2481 458 2514 res
471 2466 541 2513 stetit
553 2466 602 2513 llia
614 2467 718 2529 regnoi„

82 2554 189 2614 triginta
201 2568 308 2615 magnos
323 2555 457 2606 volvendis
469 2557 609 2607 mensibus
621 2555 703 2605 orbes

32 2647 54 2687 '0
70 2641 180 2720 imperio
194 2643 312 2705 explebit
324 2663 502 2718 regnumque
517 2650 552 2701 ab
566 2649 636 2701 sede
645 2641 759 2696 Lavini
