1808 2956
244 197 392 237 lumbos
409 199 497 237 LIBER
511 200 542 238 11.
729 190 792 237 185

61 353 206 402 Ascanium
218 360 369 416 patremque
382 369 467 402 meum
480 353 604 417 iuxtaque
618 353 742 403 Creusam

63 441 173 489 alterum
185 441 212 488 in
227 441 331 489 alterius
344 448 470 490 mactatos
484 443 610 503 sanguine
624 443 744 492 cernam?

62 543 144 588 arma,
158 529 214 588 viri,
231 529 294 578 serte
307 545 393 589 arma3
414 539 489 578 vocat
501 531 547 578 lux
560 531 651 580 ultima
664 532 752 580 victos.

61 619 162 668 reddite
173 632 215 666 me
227 617 336 676 Danais,
351 619 427 666 sinite
439 619 582 667 instaurata
594 620 703 668 revisam

10 712 42 758 70
62 707 171 771 proelia.
197 720 338 767 numquam
351 721 440 754 omnes
454 706 532 755 hodie
545 708 684 756 moriemur
696 701 795 757 inulti.’

98 795 165 843 Hinc
178 794 245 843 ferro
259 794 381 855 accingor
393 809 480 842 rursus
495 796 630 858 clipeoque
643 797 773 846 sinistram

62 882 219 933 insertabam
233 891 324 945 aptans
338 897 430 944 meque
442 889 515 931 extra
528 891 594 932 tecta
607 884 729 933 ferebam.

63 987 122 1021 ecce
136 977 221 1019 autem
234 970 362 1033 conplexa
375 971 451 1032 pedes
465 971 492 1019 in
506 972 595 1019 limine
608 973 722 1020 coniunx

63 1059 185 1108 haerebat
197 1073 355 1122 parvumque
367 1060 434 1120 patri
448 1059 569 1108 tendebat
581 1059 681 1109 Iulum:

10 1151 42 1198 75
62 1148 93 1195 ‘si
106 1149 233 1211 periturus
247 1148 311 1205 abis,
328 1154 352 1196 et
365 1162 411 1194 nos
424 1163 486 1210 rape
499 1149 526 1196 in
539 1149 627 1198 emnia
640 1156 741 1209 tecum3

62 1236 102 1283 sin
116 1237 231 1298 aliquam
243 1243 361 1298 expertus
373 1237 481 1299 sumptis
493 1252 565 1300 spem
575 1238 650 1299 penis
661 1239 688 1285 in
701 1239 791 1297 armis,

62 1324 130 1373 hanc
142 1325 254 1387 primum
267 1331 350 1372 tutare
363 1324 477 1372 demum.
505 1326 546 1373 cui
560 1341 651 1388 parvos
665 1328 746 1384 Iulus,

63 1413 103 1460 cui
115 1420 188 1476 pater
199 1421 224 1461 et
235 1413 348 1460 coniunx
360 1413 492 1474 quendam
503 1421 547 1462 tna
559 1415 795 1477 dicturelinquor‘l'

98 1501 175 1550 Talia
189 1501 330 1549 vociferans
343 1501 440 1562 gemitu
457 1508 552 1549 tectum
569 1517 646 1550 omne
663 1502 790 1564 replebat,

10 1593 43 1637 80
63 1603 122 1636 cum
134 1589 246 1637 subitum
260 1590 380 1650 dictuque
394 1589 474 1636 oritur
487 1589 604 1638 mirabile
617 1597 769 1638 monstrum.

62 1691 174 1739 namque
192 1693 283 1726 manus
297 1678 363 1725 inter
375 1683 583 1740 maestorumque
596 1693 641 1726 ora
655 1685 791 1740 parentum

63 1779 122 1813 ecce
134 1766 197 1814 levis
211 1780 310 1813 summo
325 1766 357 1813 de
369 1765 462 1812 vertice
474 1766 542 1812 visus
556 1766 604 1813 Iuli

62 1853 169 1902 sundere
182 1855 269 1902 lumen
283 1868 349 1916 apex
361 1860 482 1916 tactuque
495 1853 603 1902 innoxia
615 1854 700 1902 mellis

62 1941 175 1990 lambere
188 1942 292 1990 flamma
305 1957 392 1990 cemus
406 1950 430 1990 et
443 1943 539 1990 circum
552 1951 668 2004 tempora
682 1943 764 2005 pasci.

10 2034 41 2079 85
62 2044 109 2077 nos
123 2030 207 2092 pavidi
222 2031 350 2093 trepidare
362 2037 432 2078 metu
445 2031 592 2092 crinemque
604 2031 758 2092 flagrantem

62 2126 181 2167 excutere
195 2126 220 2167 et
232 2126 334 2167 sanctes
348 2119 506 2179 restinguere
519 2118 632 2167 sontibus
646 2121 726 2182 ignes.

62 2213 89 2254 at
101 2214 174 2268 pater
185 2207 312 2255 Anchises
327 2208 416 2254 oculos
430 2207 462 2253 ad
476 2207 561 2255 sidera
574 2208 656 2256 laetus

62 2295 154 2342 extulit
167 2304 193 2343 et
205 2295 277 2344 caelo
291 2295 391 2357 palmas
405 2309 463 2342 cum
475 2310 538 2343 voce
551 2297 666 2344 tetendit.

58 2373 184 2446 ‘Iuppiter
197 2383 368 2444 omnipotens,
384 2383 502 2444 precibus
516 2384 536 2430 si
550 2384 658 2432 flecteris
671 2385 742 2444 ullis,

10 2477 42 2520 90
62 2472 148 2534 aspice
161 2487 208 2519 nos
221 2472 272 2519 hoc
285 2478 394 2529 tantum,
410 2478 443 2529 et,
459 2473 480 2519 si
493 2473 588 2534 pietate
601 2487 737 2530 meremur,

61 2560 95 2608 ‹la
114 2560 207 2608 deinde
226 2560 379 2622 augurium,
405 2567 498 2624 pater,
524 2567 607 2623 atque
625 2561 701 2606 naec
719 2557 819 2600 suim-

366 2644 465 2703 lirma.²
