1808 2956
78 185 140 234 384
319 193 346 232 P.
363 192 485 232 arnamar
503 191 634 231 ussonrs

96 356 129 399 65
150 351 287 412 ignescunt
298 349 360 407 irae,
377 349 454 396 durus
469 349 543 397 dolor
556 349 657 398 ossibus
671 351 758 398 ardet.

150 455 202 502 qna
213 445 319 500 temptet
332 438 432 485 ratione
446 437 528 484 aditus
542 445 568 484 et
580 453 648 500 qnae
659 437 703 486 via
716 439 825 488 clausos

149 528 263 576 excutiat
275 526 389 575 Teucros
402 526 471 573 vallo
484 534 562 587 atque
575 526 692 574 effundat
704 527 735 574 in
748 527 858 576 aecum?

150 617 268 673 classem,
284 629 351 678 quae
364 614 438 662 lateri
453 621 595 661 castrorum
608 615 735 664 adiuncta
749 616 857 674 latebat,

149 704 287 767 aggeribus
301 711 416 765 saeptam
430 701 527 750 circum
541 712 566 751 et
577 703 727 752 fluvialibus
741 706 831 764 undis,

96 797 129 843 70
149 793 248 841 invadit
260 792 397 853 sociosque
409 791 530 840 incendia
543 792 627 853 poscit
639 801 748 842 ovantes
799 770 802 775 ι

149 889 227 944 atque
239 896 345 928 manum
358 881 420 942 pinu
434 880 553 941 flagranti
568 879 680 928 fervidus
693 881 790 944 inplet.

149 979 203 1018 tum
217 985 276 1018 vero
290 969 443 1017 incumbunt
456 968 560 1030 (urguet
573 969 720 1031 praesentia
734 969 832 1034 Turni)

149 1067 227 1120 atque
240 1058 324 1106 omnis
337 1057 436 1105 facibus
449 1057 529 1119 pubes
544 1057 688 1118 accingitur
700 1059 775 1106 atris.

150 1147 278 1208 diripuere
291 1146 372 1202 focos,
389 1145 490 1208 piceum
503 1146 552 1193 lert
564 1145 663 1192 fumida
675 1147 766 1195 lumen

95 1239 129 1285 75
150 1235 226 1283 taeda
239 1241 264 1282 et
277 1234 443 1281 commixtam
456 1233 588 1281 Volcanus
602 1233 634 1280 ad
648 1241 719 1282 astra
732 1234 859 1283 favillam.

185 1321 249 1382 Quis
264 1323 335 1380 deus,
352 1337 367 1368 o
380 1337 478 1379 musae,
494 1330 546 1369 tam
558 1337 633 1369 saeva
644 1321 879 1373 incendiaTeucris

150 1411 257 1460 avertit?
276 1418 361 1458 tantos
375 1410 471 1458 ratibus
486 1410 542 1472 quis
557 1410 656 1473 depulit
668 1410 758 1472 ignis?

150 1500 235 1548 dicite.
263 1500 348 1562 prisca
360 1499 424 1547 fides
437 1498 514 1557 lacto,
531 1499 575 1547 sed
588 1498 657 1547 fama
670 1500 804 1561 perennis.

149 1597 264 1651 tempore
278 1602 329 1650 quo
343 1587 454 1650 primum
467 1586 581 1649 Phrygia
594 1586 724 1635 formabat
736 1588 765 1635 in
777 1588 827 1636 Ida

95 1683 129 1726 80
149 1679 251 1725 Aeneas
265 1677 373 1724 classem
387 1683 412 1723 et
424 1675 509 1737 pelagi
524 1684 610 1738 petere
623 1677 676 1725 alta
689 1676 811 1739 parabat,

148 1767 205 1828 ipsa
218 1767 295 1814 deum
307 1764 387 1812 fertur
399 1764 517 1825 genetrix
529 1764 684 1826 Berecyntia
695 1779 824 1826 magnum

148 1854 253 1902 vocibus
267 1854 307 1901 his
321 1853 408 1902 adfata
420 1853 515 1902 Iovem.
540 1843 594 1912 ‘da‚
609 1860 678 1911 nate,
694 1854 793 1916 petenti

149 1943 218 2004 qnod
232 1950 276 1989 tua
289 1956 349 1990 cara
362 1956 454 2004 parens
468 1942 565 1989 domito
580 1948 604 1989 te
617 1942 701 2003 poscit
714 1940 839 2006 Olympo.

148 2031 225 2094 pinea
238 2030 302 2078 silva
315 2030 387 2088 mihi,
403 2031 499 2078 multos
513 2031 607 2078 dilecta
620 2044 666 2091 per
678 2044 762 2078 annos
773 2047 779 2090 3

94 2124 128 2167 85
148 2120 221 2168 lucus
234 2119 261 2165 in
274 2133 333 2167 arce
346 2118 394 2165 fuit
406 2134 515 2176 summa,
532 2133 583 2180 quo
597 2131 671 2166 sacra
683 2117 810 2178 ferebant,

147 2208 260 2269 nigranti
274 2207 347 2269 picea
361 2207 527 2270 trabibusque
541 2207 665 2254 obscurus
678 2208 796 2256 acernis:

148 2296 195 2343 has
209 2310 257 2357 ego
270 2295 405 2344 Dardanio
419 2297 512 2354 iuveni,
529 2311 588 2343 curn
601 2295 691 2343 classis
705 2304 801 2357 egeret,

148 2386 216 2433 laeta
229 2385 304 2444 dedi;
324 2400 393 2433 nunc
406 2385 545 2433 sollicitam
559 2385 635 2431 timor
648 2383 741 2432 anxius
755 2385 836 2446 angit.

147 2474 218 2522 solve
230 2481 312 2522 metus
325 2481 402 2536 atque
416 2474 466 2521 boc
485 2473 603 2535 precibus
621 2472 676 2520 sine
693 2487 771 2535 posse
788 2487 876 2537 parcu-

449 2569 509 2618 lem,

79 2656 114 2702 90
133 2667 186 2704 neu
200 2668 281 2705 cursu
295 2660 440 2720 quassatae
450 2651 511 2701 ullo
522 2663 579 2698 nen
588 2648 775 2694 tnrbmeuent'x
