1808 2956
299 195 447 234 Annnrnos
466 195 552 233 arnan
569 195 621 234 vu.
798 186 864 234 3352

130 351 224 413 gratia,
241 351 262 398 si
275 350 338 398 iuris
351 351 461 399 materni
475 365 537 398 cura
549 351 686 409 remordet,

130 439 222 488 solvite
235 438 341 487 crinalis
353 439 438 497 vittas,
454 439 536 500 capite
551 439 624 500 orgia
636 430 757 487 mecum.’

130 528 209 576 talem
222 528 290 574 inter
302 526 387 585 silvae,
403 528 469 574 inter
482 527 582 574 deserta
595 527 716 586 serarum,

56 622 109 666 405
131 617 249 678 reginam
264 615 365 662 Allecto
379 615 490 662 stimulis
504 615 558 676 agit
569 615 685 677 undique
697 615 804 663 Bacchi.

167 703 311 765 Postquam
324 703 380 750 visa
392 704 454 750 satis
467 704 564 765 primos
578 704 678 752 acuisse
691 703 789 751 furores

132 792 321 854 consiliumque
334 805 489 854 omnemque
503 791 608 838 domurn
621 793 725 840 vertisse
737 792 839 851 Latini,

131 880 248 943 protinus
262 879 323 927 hinc
336 879 414 928 fuscis
427 881 506 928 tristis
522 880 569 927 dea
582 880 682 926 tollitur
695 881 742 927 alis

133 969 237 1016 audacis
250 957 339 1015 Rutuli
353 969 385 1015 ad
400 982 495 1025 muros,
512 982 590 1030 quam
603 968 698 1015 dicitur
709 968 799 1017 urbem

57 1064 111 1107 410
132 1056 291 1104 Acrisioneis
303 1055 395 1106 Danae
409 1057 530 1104 fundasse
543 1057 651 1115 colonis,

132 1144 267 1206 praecipiti
281 1145 367 1192 delata
379 1153 451 1193 noto.
480 1145 552 1192 loeus
565 1146 653 1194 Ardea
666 1144 798 1206 quondam

133 1233 215 1280 dietus
229 1232 295 1279 avis:
316 1239 341 1280 et
354 1247 422 1281 nunc
435 1247 558 1294 magnum
571 1241 641 1282 tenet
654 1233 740 1281 Ardea
754 1247 863 1291 nomen,

133 1321 177 1368 sed
192 1320 295 1367 fortuna
309 1320 364 1366 fuit.
392 1321 464 1368 tectis
478 1320 521 1368 bic
533 1321 636 1368 Turnus
649 1322 676 1368 in
690 1322 748 1369 altis

132 1409 184 1456 iam
197 1408 309 1456 mediam
322 1409 397 1469 nigra
409 1409 531 1470 carpebat
543 1416 620 1458 nocte
633 1411 754 1472 quietern.

59 1503 111 1546 415
132 1498 235 1545 Allecto
249 1503 345 1543 torvam
361 1496 452 1544 faeiem
466 1504 491 1544 et
503 1496 606 1546 furialia
619 1497 735 1546 membra

132 1586 218 1644 exuit3
239 1585 266 1652 in
279 1586 362 1632 voltus
376 1599 431 1632 sese
445 1585 611 1634 transformat
623 1587 704 1633 aniles

133 1680 157 1721 ct
170 1673 280 1720 frontem
294 1673 432 1720 obscenam
445 1674 516 1734 rugis
529 1682 598 1733 arat3
619 1674 704 1720 induit
716 1672 790 1721 albos

134 1777 193 1809 curn
207 1762 269 1809 vitta
283 1761 376 1820 erinis3
397 1768 451 1808 tum
464 1776 563 1808 ramum
576 1762 683 1809 innectit
696 1761 794 1821 olivae3

132 1850 160 1897 lit
174 1847 271 1911 Calybe
283 1849 390 1897 Iunonis
404 1864 468 1896 antis
481 1850 622 1912 templique
634 1850 754 1898 sacerdos

60 1944 113 1988 420
135 1946 160 1986 ct
172 1938 258 1985 iuveni
272 1944 331 1985 ante
345 1939 434 1985 oculos
448 1937 487 1985 his
500 1953 527 1986 se
541 1954 598 1986 cum
611 1938 716 1986 vocibus
730 1938 817 1987 offert.

129 2016 237 2085 ‘Turne,
253 2032 291 2073 tot
304 2026 433 2073 incassum
445 2026 516 2074 fusos
529 2027 626 2089 patiere
640 2027 751 2086 labores,

133 2122 158 2162 et
170 2121 214 2161 tua
226 2114 366 2161 Dardaniis
380 2114 513 2162 transcribi
528 2123 628 2178 sceptra
642 2114 761 2163 colonis?

133 2216 179 2250 rex
192 2201 237 2248 tibi
252 2203 401 2263 coniugium
415 2209 440 2250 et
453 2203 582 2265 quaesitas
596 2203 721 2264 sangnine
735 2204 807 2252 dotes

138 2289 250 2350 abnegat
263 2297 434 2352 externusque
447 2291 472 2338 in
487 2305 595 2352 regnum
608 2291 740 2353 quaeritur
752 2291 839 2340 heres.

61 2385 113 2427 425
136 2379 143 2424 i
157 2392 234 2436 nune,
250 2379 358 2439 ingratis
373 2379 437 2427 offer
449 2387 473 2428 te
487 2379 565 2427 inrise
578 2380 689 2441 periclis,

133 2466 290 2528 Tyrrhenas,
306 2467 323 2524 i,
339 2473 423 2515 sterne
436 2469 513 2525 acies,
529 2475 586 2529 tege
599 2482 661 2529 pace
674 2467 791 2514 Latinos.

134 2554 197 2600 haec
211 2554 275 2602 adeo
290 2555 335 2600 tibi
348 2569 398 2613 me,
413 2556 517 2617 placida
530 2571 590 2604 curn
601 2564 681 2603 nocte
690 2555 810 2609 iaceres,

127 2642 183 2700 ipsa
193 2642 284 2702 palam
298 2642 346 2692 sari
362 2645 538 2711 omnipotens
550 2644 687 2696 Saturnia
694 2639 790 2688 iussit.
