<?xml version="1.0" encoding="UTF-8"?>
<!DOCTYPE html PUBLIC "-//W3C//DTD XHTML 1.0 Transitional//EN"
    "http://www.w3.org/TR/xhtml1/DTD/xhtml1-transitional.dtd">
<html xmlns="http://www.w3.org/1999/xhtml" xml:lang="en" lang="en">
 <head>
  <title>
</title>
<meta http-equiv="Content-Type" content="text/html;charset=utf-8" />
  <meta name='ocr-system' content='tesseract 3.04.00' />
  <meta name='ocr-capabilities' content='ocr_page ocr_carea ocr_par ocr_line ocrx_word'/>
</head>
<body>
  <div class='ocr_page' id='page_1' title='image "./pvergiliusmaro00virggoog/pvergiliusmaro00virggoog_0043.png"; bbox 0 0 1808 2956; ppageno 0'>
   <div class='ocr_carea' id='block_1_1' title="bbox 298 178 612 220">
    <p class='ocr_par' dir='ltr' id='par_1_1' title="bbox 298 178 612 220">
     <span class='ocr_line' id='line_1_1' title="bbox 298 178 612 220; baseline -0.006 -1"><span class='ocrx_word' id='word_1_1' title='bbox 298 183 323 220; x_wconf 84' lang='lat' dir='ltr'>P.</span> <span class='ocrx_word' id='word_1_2' title='bbox 341 179 461 220; x_wconf 84' lang='lat' dir='ltr'>VERGlLl</span> <span class='ocrx_word' id='word_1_3' title='bbox 481 178 612 218; x_wconf 85' lang='lat' dir='ltr'>MARONIS</span> 
     </span>
    </p>
   </div>
   <div class='ocr_carea' id='block_1_2' title="bbox 352 445 560 500">
    <p class='ocr_par' dir='ltr' id='par_1_2' title="bbox 352 445 560 500">
     <span class='ocr_line' id='line_1_2' title="bbox 352 445 560 500; baseline -0.01 0"><span class='ocrx_word' id='word_1_4' title='bbox 352 446 503 500; x_wconf 82' lang='lat' dir='ltr'><strong>ECLOGA</strong></span> <span class='ocrx_word' id='word_1_5' title='bbox 523 445 560 498; x_wconf 88' lang='lat' dir='ltr'>X.</span> 
     </span>
    </p>
   </div>
   <div class='ocr_carea' id='block_1_3' title="bbox 392 604 515 642">
    <p class='ocr_par' dir='ltr' id='par_1_3' title="bbox 392 604 515 642">
     <span class='ocr_line' id='line_1_3' title="bbox 392 604 515 642; baseline -0.016 -1"><span class='ocrx_word' id='word_1_6' title='bbox 392 604 515 642; x_wconf 84' lang='lat' dir='ltr'>GALLUS.</span> 
     </span>
    </p>
   </div>
   <div class='ocr_carea' id='block_1_4' title="bbox 130 778 835 837">
    <p class='ocr_par' dir='ltr' id='par_1_4' title="bbox 130 778 835 837">
     <span class='ocr_line' id='line_1_4' title="bbox 130 778 835 837; baseline -0.001 -11"><span class='ocrx_word' id='word_1_7' title='bbox 130 779 278 827; x_wconf 82' lang='lat' dir='ltr'>Extremum</span> <span class='ocrx_word' id='word_1_8' title='bbox 285 778 363 837; x_wconf 89' lang='lat' dir='ltr'>hunc,</span> <span class='ocrx_word' id='word_1_9' title='bbox 376 778 514 836; x_wconf 79' lang='lat' dir='ltr'><strong>Arethusa,</strong></span> <span class='ocrx_word' id='word_1_10' title='bbox 528 779 591 825; x_wconf 92' lang='lat' dir='ltr'>mibi</span> <span class='ocrx_word' id='word_1_11' title='bbox 604 778 717 826; x_wconf 87' lang='lat' dir='ltr'>concede</span> <span class='ocrx_word' id='word_1_12' title='bbox 729 778 835 827; x_wconf 87' lang='lat' dir='ltr'>laboren</span> 
     </span>
    </p>
   </div>
   <div class='ocr_carea' id='block_1_5' title="bbox 130 865 802 935">
    <p class='ocr_par' dir='ltr' id='par_1_5' title="bbox 130 865 802 935">
     <span class='ocr_line' id='line_1_5' title="bbox 130 865 802 935; baseline -0.001 -20"><span class='ocrx_word' id='word_1_13' title='bbox 130 883 214 929; x_wconf 87' lang='lat' dir='ltr'>pauca</span> <span class='ocrx_word' id='word_1_14' title='bbox 226 881 283 915; x_wconf 90' lang='lat' dir='ltr'>meo</span> <span class='ocrx_word' id='word_1_15' title='bbox 297 865 382 922; x_wconf 65' lang='lat' dir='ltr'>Gallo,</span> <span class='ocrx_word' id='word_1_16' title='bbox 398 867 442 914; x_wconf 90' lang='lat' dir='ltr'>sed</span> <span class='ocrx_word' id='word_1_17' title='bbox 456 881 522 935; x_wconf 81' lang='lat' dir='ltr'>quae</span> <span class='ocrx_word' id='word_1_18' title='bbox 535 866 605 927; x_wconf 80' lang='lat' dir='ltr'>legat</span> <span class='ocrx_word' id='word_1_19' title='bbox 617 866 674 928; x_wconf 89' lang='lat' dir='ltr'>ipsa</span> <span class='ocrx_word' id='word_1_20' title='bbox 686 866 802 928; x_wconf 75' lang='lat' dir='ltr'><strong>Lycoris,</strong></span> 
     </span>
    </p>
   </div>
   <div class='ocr_carea' id='block_1_6' title="bbox 80 954 835 2688">
    <p class='ocr_par' dir='ltr' id='par_1_6' title="bbox 80 954 835 2688">
     <span class='ocr_line' id='line_1_6' title="bbox 131 954 835 1016; baseline 0.001 -14"><span class='ocrx_word' id='word_1_21' title='bbox 131 955 246 1002; x_wconf 88' lang='lat' dir='ltr'>carmina</span> <span class='ocrx_word' id='word_1_22' title='bbox 258 961 318 1001; x_wconf 88' lang='lat' dir='ltr'>sunt</span> <span class='ocrx_word' id='word_1_23' title='bbox 330 954 455 1012; x_wconf 88' lang='lat' dir='ltr'>dicenda;</span> <span class='ocrx_word' id='word_1_24' title='bbox 474 962 550 1016; x_wconf 86' lang='lat' dir='ltr'>neget</span> <span class='ocrx_word' id='word_1_25' title='bbox 563 955 620 1016; x_wconf 89' lang='lat' dir='ltr'>quis</span> <span class='ocrx_word' id='word_1_26' title='bbox 635 955 750 1002; x_wconf 87' lang='lat' dir='ltr'>carmina</span> <span class='ocrx_word' id='word_1_27' title='bbox 763 955 835 1003; x_wconf 80' lang='lat' dir='ltr'>Galle</span> 
     </span>
     <span class='ocr_line' id='line_1_7' title="bbox 131 1041 728 1101; baseline -0.002 -11"><span class='ocrx_word' id='word_1_28' title='bbox 131 1043 167 1090; x_wconf 91' lang='lat' dir='ltr'>sie</span> <span class='ocrx_word' id='word_1_29' title='bbox 179 1042 234 1100; x_wconf 91' lang='lat' dir='ltr'>tibi,</span> <span class='ocrx_word' id='word_1_30' title='bbox 251 1056 309 1089; x_wconf 86' lang='lat' dir='ltr'>eum</span> <span class='ocrx_word' id='word_1_31' title='bbox 321 1041 412 1088; x_wconf 87' lang='lat' dir='ltr'>fluetus</span> <span class='ocrx_word' id='word_1_32' title='bbox 426 1042 598 1090; x_wconf 78' lang='lat' dir='ltr'>subterlabere</span> <span class='ocrx_word' id='word_1_33' title='bbox 612 1042 728 1101; x_wconf 83' lang='lat' dir='ltr'>Sicanos,</span> 
     </span>
     <span class='ocr_line' id='line_1_8' title="bbox 98 1130 770 1178; baseline 0 0"><span class='ocrx_word' id='word_1_34' title='bbox 98 1137 111 1178; x_wconf 90' lang='lat'><strong>5</strong></span> <span class='ocrx_word' id='word_1_35' title='bbox 131 1130 208 1177; x_wconf 86' lang='lat' dir='ltr'>Doris</span> <span class='ocrx_word' id='word_1_36' title='bbox 223 1145 311 1177; x_wconf 84' lang='lat' dir='ltr'>amara</span> <span class='ocrx_word' id='word_1_37' title='bbox 323 1144 396 1176; x_wconf 89' lang='lat' dir='ltr'>suam</span> <span class='ocrx_word' id='word_1_38' title='bbox 409 1144 462 1176; x_wconf 94' lang='lat' dir='ltr'>non</span> <span class='ocrx_word' id='word_1_39' title='bbox 475 1131 649 1178; x_wconf 89' lang='lat' dir='ltr'>intermisceat</span> <span class='ocrx_word' id='word_1_40' title='bbox 661 1132 770 1178; x_wconf 88' lang='lat' dir='ltr'>undam:</span> 
     </span>
     <span class='ocr_line' id='line_1_9' title="bbox 132 1216 707 1280; baseline 0.003 -16"><span class='ocrx_word' id='word_1_41' title='bbox 132 1219 231 1280; x_wconf 81' lang='lat' dir='ltr'>incipe3</span> <span class='ocrx_word' id='word_1_42' title='bbox 246 1217 372 1264; x_wconf 87' lang='lat' dir='ltr'>sollicitos</span> <span class='ocrx_word' id='word_1_43' title='bbox 386 1216 455 1266; x_wconf 84' lang='lat' dir='ltr'>Galli</span> <span class='ocrx_word' id='word_1_44' title='bbox 469 1219 584 1267; x_wconf 88' lang='lat' dir='ltr'>dicamus</span> <span class='ocrx_word' id='word_1_45' title='bbox 599 1234 707 1277; x_wconf 89' lang='lat' dir='ltr'>amores,</span> 
     </span>
     <span class='ocr_line' id='line_1_10' title="bbox 132 1307 795 1369; baseline 0.002 -16"><span class='ocrx_word' id='word_1_46' title='bbox 132 1307 193 1353; x_wconf 91' lang='lat' dir='ltr'>dum</span> <span class='ocrx_word' id='word_1_47' title='bbox 206 1314 294 1354; x_wconf 86' lang='lat' dir='ltr'>tenera</span> <span class='ocrx_word' id='word_1_48' title='bbox 307 1307 442 1354; x_wconf 82' lang='lat' dir='ltr'>attondent</span> <span class='ocrx_word' id='word_1_49' title='bbox 453 1308 533 1356; x_wconf 88' lang='lat' dir='ltr'>simae</span> <span class='ocrx_word' id='word_1_50' title='bbox 546 1309 657 1368; x_wconf 82' lang='lat' dir='ltr'>virgulta</span> <span class='ocrx_word' id='word_1_51' title='bbox 670 1308 795 1369; x_wconf 89' lang='lat' dir='ltr'>capellae.</span> 
     </span>
     <span class='ocr_line' id='line_1_11' title="bbox 131 1395 789 1458; baseline 0.002 -18"><span class='ocrx_word' id='word_1_52' title='bbox 131 1408 183 1440; x_wconf 94' lang='lat' dir='ltr'>non</span> <span class='ocrx_word' id='word_1_53' title='bbox 198 1395 312 1442; x_wconf 85' lang='lat' dir='ltr'>canimus</span> <span class='ocrx_word' id='word_1_54' title='bbox 326 1395 417 1453; x_wconf 82' lang='lat' dir='ltr'>surdis,</span> <span class='ocrx_word' id='word_1_55' title='bbox 433 1397 589 1458; x_wconf 90' lang='lat' dir='ltr'>respondent</span> <span class='ocrx_word' id='word_1_56' title='bbox 603 1395 690 1442; x_wconf 88' lang='lat' dir='ltr'>omnia</span> <span class='ocrx_word' id='word_1_57' title='bbox 702 1395 789 1442; x_wconf 87' lang='lat' dir='ltr'>silvae.</span> 
     </span>
     <span class='ocr_line' id='line_1_12' title="bbox 168 1481 835 1546; baseline 0.001 -16"><span class='ocrx_word' id='word_1_58' title='bbox 168 1481 240 1541; x_wconf 83' lang='lat' dir='ltr'>Quae</span> <span class='ocrx_word' id='word_1_59' title='bbox 251 1498 357 1531; x_wconf 87' lang='lat' dir='ltr'>nemora</span> <span class='ocrx_word' id='word_1_60' title='bbox 369 1492 413 1532; x_wconf 86' lang='lat' dir='ltr'>aut</span> <span class='ocrx_word' id='word_1_61' title='bbox 425 1485 467 1546; x_wconf 90' lang='lat' dir='ltr'>qui</span> <span class='ocrx_word' id='word_1_62' title='bbox 475 1499 519 1530; x_wconf 90' lang='lat' dir='ltr'>vos</span> <span class='ocrx_word' id='word_1_63' title='bbox 527 1485 607 1531; x_wconf 87' lang='lat' dir='ltr'>saltus</span> <span class='ocrx_word' id='word_1_64' title='bbox 620 1483 740 1540; x_wconf 85' lang='lat' dir='ltr'>habuere,</span> <span class='ocrx_word' id='word_1_65' title='bbox 755 1485 835 1544; x_wconf 69' lang='lat' dir='ltr'>puella</span> 
     </span>
     <span class='ocr_line' id='line_1_13' title="bbox 82 1570 762 1634; baseline 0 -17"><span class='ocrx_word' id='word_1_66' title='bbox 82 1576 112 1617; x_wconf 89' lang='lat'>10</span> <span class='ocrx_word' id='word_1_67' title='bbox 132 1570 230 1629; x_wconf 86' lang='lat' dir='ltr'>naides,</span> <span class='ocrx_word' id='word_1_68' title='bbox 246 1573 353 1634; x_wconf 84' lang='lat' dir='ltr'>indigno</span> <span class='ocrx_word' id='word_1_69' title='bbox 368 1587 426 1620; x_wconf 90' lang='lat' dir='ltr'>eum</span> <span class='ocrx_word' id='word_1_70' title='bbox 440 1570 530 1619; x_wconf 85' lang='lat' dir='ltr'>Gallus</span> <span class='ocrx_word' id='word_1_71' title='bbox 545 1586 632 1618; x_wconf 88' lang='lat' dir='ltr'>amore</span> <span class='ocrx_word' id='word_1_72' title='bbox 645 1571 762 1631; x_wconf 82' lang='lat' dir='ltr'>peribat?</span> 
     </span>
     <span class='ocr_line' id='line_1_14' title="bbox 132 1659 835 1722; baseline 0 -16"><span class='ocrx_word' id='word_1_73' title='bbox 132 1674 192 1707; x_wconf 91' lang='lat' dir='ltr'>nam</span> <span class='ocrx_word' id='word_1_74' title='bbox 205 1674 288 1722; x_wconf 85' lang='lat' dir='ltr'>neque</span> <span class='ocrx_word' id='word_1_75' title='bbox 301 1660 408 1708; x_wconf 83' lang='lat' dir='ltr'>Parnasi</span> <span class='ocrx_word' id='word_1_76' title='bbox 421 1659 493 1706; x_wconf 90' lang='lat' dir='ltr'>vobis</span> <span class='ocrx_word' id='word_1_77' title='bbox 506 1660 576 1720; x_wconf 85' lang='lat' dir='ltr'>iuga,</span> <span class='ocrx_word' id='word_1_78' title='bbox 592 1673 652 1705; x_wconf 84' lang='lat' dir='ltr'>narn</span> <span class='ocrx_word' id='word_1_79' title='bbox 666 1673 748 1719; x_wconf 88' lang='lat' dir='ltr'>neque</span> <span class='ocrx_word' id='word_1_80' title='bbox 763 1659 835 1706; x_wconf 89' lang='lat' dir='ltr'>Pindi</span> 
     </span>
     <span class='ocr_line' id='line_1_15' title="bbox 131 1747 756 1808; baseline -0.005 -13"><span class='ocrx_word' id='word_1_81' title='bbox 131 1749 186 1796; x_wconf 86' lang='lat' dir='ltr'>ulla</span> <span class='ocrx_word' id='word_1_82' title='bbox 198 1763 297 1796; x_wconf 88' lang='lat' dir='ltr'>moram</span> <span class='ocrx_word' id='word_1_83' title='bbox 310 1749 400 1806; x_wconf 87' lang='lat' dir='ltr'>fecere,</span> <span class='ocrx_word' id='word_1_84' title='bbox 417 1761 499 1808; x_wconf 86' lang='lat' dir='ltr'>neque</span> <span class='ocrx_word' id='word_1_85' title='bbox 512 1747 597 1793; x_wconf 89' lang='lat' dir='ltr'>Aonie</span> <span class='ocrx_word' id='word_1_86' title='bbox 610 1747 756 1807; x_wconf 84' lang='lat' dir='ltr'>Aganippe.</span> 
     </span>
     <span class='ocr_line' id='line_1_16' title="bbox 130 1833 711 1893; baseline -0.009 -9"><span class='ocrx_word' id='word_1_87' title='bbox 130 1836 204 1884; x_wconf 87' lang='lat' dir='ltr'>illurn</span> <span class='ocrx_word' id='word_1_88' title='bbox 217 1838 295 1884; x_wconf 89' lang='lat' dir='ltr'>etiam</span> <span class='ocrx_word' id='word_1_89' title='bbox 308 1836 383 1893; x_wconf 87' lang='lat' dir='ltr'>lauri,</span> <span class='ocrx_word' id='word_1_90' title='bbox 399 1835 476 1883; x_wconf 88' lang='lat' dir='ltr'>etiam</span> <span class='ocrx_word' id='word_1_91' title='bbox 489 1833 578 1880; x_wconf 88' lang='lat' dir='ltr'>flevere</span> <span class='ocrx_word' id='word_1_92' title='bbox 591 1833 711 1893; x_wconf 83' lang='lat' dir='ltr'>myricae,</span> 
     </span>
     <span class='ocr_line' id='line_1_17' title="bbox 131 1918 745 1986; baseline -0.011 -15"><span class='ocrx_word' id='word_1_93' title='bbox 131 1925 225 1986; x_wconf 86' lang='lat' dir='ltr'>pinifer</span> <span class='ocrx_word' id='word_1_94' title='bbox 237 1925 311 1973; x_wconf 91' lang='lat' dir='ltr'>illum</span> <span class='ocrx_word' id='word_1_95' title='bbox 324 1923 401 1971; x_wconf 89' lang='lat' dir='ltr'>etiam</span> <span class='ocrx_word' id='word_1_96' title='bbox 414 1920 471 1967; x_wconf 87' lang='lat' dir='ltr'>sola</span> <span class='ocrx_word' id='word_1_97' title='bbox 483 1918 530 1965; x_wconf 92' lang='lat' dir='ltr'>sub</span> <span class='ocrx_word' id='word_1_98' title='bbox 544 1933 606 1979; x_wconf 86' lang='lat' dir='ltr'>rupe</span> <span class='ocrx_word' id='word_1_99' title='bbox 620 1920 745 1964; x_wconf 85' lang='lat' dir='ltr'>iacentem</span> 
     </span>
     <span class='ocr_line' id='line_1_18' title="bbox 82 2002 722 2070; baseline -0.014 -12"><span class='ocrx_word' id='word_1_100' title='bbox 82 2016 112 2060; x_wconf 84' lang='lat'>15</span> <span class='ocrx_word' id='word_1_101' title='bbox 132 2012 267 2061; x_wconf 83' lang='lat' dir='ltr'>Maenalus</span> <span class='ocrx_word' id='word_1_102' title='bbox 280 2017 306 2058; x_wconf 89' lang='lat' dir='ltr'>et</span> <span class='ocrx_word' id='word_1_103' title='bbox 317 2009 396 2070; x_wconf 84' lang='lat' dir='ltr'>gelidi</span> <span class='ocrx_word' id='word_1_104' title='bbox 409 2007 532 2054; x_wconf 89' lang='lat' dir='ltr'>fleverunt</span> <span class='ocrx_word' id='word_1_105' title='bbox 543 2019 608 2052; x_wconf 85' lang='lat' dir='ltr'>saxa</span> <span class='ocrx_word' id='word_1_106' title='bbox 619 2002 722 2065; x_wconf 86' lang='lat' dir='ltr'>Lycaei.</span> 
     </span>
     <span class='ocr_line' id='line_1_19' title="bbox 132 2091 790 2155; baseline -0.005 -9"><span class='ocrx_word' id='word_1_107' title='bbox 132 2106 200 2148; x_wconf 88' lang='lat' dir='ltr'>stant</span> <span class='ocrx_word' id='word_1_108' title='bbox 212 2106 238 2146; x_wconf 85' lang='lat' dir='ltr'>et</span> <span class='ocrx_word' id='word_1_109' title='bbox 250 2111 309 2144; x_wconf 87' lang='lat' dir='ltr'>oves</span> <span class='ocrx_word' id='word_1_110' title='bbox 323 2096 419 2144; x_wconf 88' lang='lat' dir='ltr'>circum</span> <span class='ocrx_word' id='word_1_111' title='bbox 432 2091 524 2154; x_wconf 83' lang='lat' dir='ltr'>(nostri</span> <span class='ocrx_word' id='word_1_112' title='bbox 538 2106 585 2139; x_wconf 89' lang='lat' dir='ltr'>nee</span> <span class='ocrx_word' id='word_1_113' title='bbox 597 2092 711 2154; x_wconf 82' lang='lat' dir='ltr'>paenitet</span> <span class='ocrx_word' id='word_1_114' title='bbox 722 2093 790 2155; x_wconf 87' lang='lat' dir='ltr'>illas,</span> 
     </span>
     <span class='ocr_line' id='line_1_20' title="bbox 131 2182 684 2247; baseline -0.014 -12"><span class='ocrx_word' id='word_1_115' title='bbox 131 2202 179 2234; x_wconf 87' lang='lat' dir='ltr'>nec</span> <span class='ocrx_word' id='word_1_116' title='bbox 192 2193 217 2234; x_wconf 84' lang='lat' dir='ltr'>te</span> <span class='ocrx_word' id='word_1_117' title='bbox 229 2183 360 2247; x_wconf 81' lang='lat' dir='ltr'>paeniteat</span> <span class='ocrx_word' id='word_1_118' title='bbox 372 2182 481 2245; x_wconf 90' lang='lat' dir='ltr'>peeoris,</span> <span class='ocrx_word' id='word_1_119' title='bbox 497 2182 581 2230; x_wconf 89' lang='lat' dir='ltr'>divine</span> <span class='ocrx_word' id='word_1_120' title='bbox 595 2188 684 2245; x_wconf 88' lang='lat' dir='ltr'>poeta:</span> 
     </span>
     <span class='ocr_line' id='line_1_21' title="bbox 132 2271 748 2335; baseline -0.006 -13"><span class='ocrx_word' id='word_1_121' title='bbox 132 2280 157 2322; x_wconf 85' lang='lat' dir='ltr'>et</span> <span class='ocrx_word' id='word_1_122' title='bbox 168 2273 296 2320; x_wconf 85' lang='lat' dir='ltr'>formosus</span> <span class='ocrx_word' id='word_1_123' title='bbox 309 2271 362 2318; x_wconf 86' lang='lat' dir='ltr'>ovis</span> <span class='ocrx_word' id='word_1_124' title='bbox 377 2272 408 2320; x_wconf 86' lang='lat' dir='ltr'>ad</span> <span class='ocrx_word' id='word_1_125' title='bbox 421 2271 528 2319; x_wconf 83' lang='lat' dir='ltr'>flumina</span> <span class='ocrx_word' id='word_1_126' title='bbox 540 2272 610 2334; x_wconf 88' lang='lat' dir='ltr'>pavit</span> <span class='ocrx_word' id='word_1_127' title='bbox 622 2271 748 2335; x_wconf 83' lang='lat' dir='ltr'>Adonis);</span> 
     </span>
     <span class='ocr_line' id='line_1_22' title="bbox 132 2359 654 2421; baseline 0.004 -15"><span class='ocrx_word' id='word_1_128' title='bbox 132 2361 200 2408; x_wconf 86' lang='lat' dir='ltr'>venit</span> <span class='ocrx_word' id='word_1_129' title='bbox 212 2365 238 2407; x_wconf 88' lang='lat' dir='ltr'>et</span> <span class='ocrx_word' id='word_1_130' title='bbox 249 2359 340 2421; x_wconf 91' lang='lat' dir='ltr'>upilio,</span> <span class='ocrx_word' id='word_1_131' title='bbox 357 2361 423 2408; x_wconf 92' lang='lat' dir='ltr'>tardi</span> <span class='ocrx_word' id='word_1_132' title='bbox 436 2375 527 2409; x_wconf 87' lang='lat' dir='ltr'>venere</span> <span class='ocrx_word' id='word_1_133' title='bbox 540 2360 654 2420; x_wconf 86' lang='lat' dir='ltr'>bubulci,</span> 
     </span>
     <span class='ocr_line' id='line_1_23' title="bbox 80 2446 729 2510; baseline 0.002 -15"><span class='ocrx_word' id='word_1_134' title='bbox 80 2453 112 2495; x_wconf 81' lang='lat'>20</span> <span class='ocrx_word' id='word_1_135' title='bbox 131 2447 223 2495; x_wconf 81' lang='lat' dir='ltr'>uvidus</span> <span class='ocrx_word' id='word_1_136' title='bbox 236 2446 344 2496; x_wconf 88' lang='lat' dir='ltr'>hiberna</span> <span class='ocrx_word' id='word_1_137' title='bbox 356 2449 425 2497; x_wconf 87' lang='lat' dir='ltr'>venit</span> <span class='ocrx_word' id='word_1_138' title='bbox 437 2449 468 2497; x_wconf 88' lang='lat' dir='ltr'>de</span> <span class='ocrx_word' id='word_1_139' title='bbox 481 2450 576 2510; x_wconf 87' lang='lat' dir='ltr'>glande</span> <span class='ocrx_word' id='word_1_140' title='bbox 588 2450 729 2498; x_wconf 85' lang='lat' dir='ltr'>Menalcas.</span> 
     </span>
     <span class='ocr_line' id='line_1_24' title="bbox 133 2524 835 2599; baseline 0.009 -17"><span class='ocrx_word' id='word_1_141' title='bbox 133 2550 221 2584; x_wconf 90' lang='lat' dir='ltr'>omnes</span> <span class='ocrx_word' id='word_1_142' title='bbox 248 2524 327 2584; x_wconf 87' lang='lat' dir='ltr'>‘unde</span> <span class='ocrx_word' id='word_1_143' title='bbox 353 2553 425 2585; x_wconf 87' lang='lat' dir='ltr'>arnor</span> <span class='ocrx_word' id='word_1_144' title='bbox 448 2529 503 2586; x_wconf 86' lang='lat' dir='ltr'>iste’</span> <span class='ocrx_word' id='word_1_145' title='bbox 534 2545 627 2599; x_wconf 87' lang='lat' dir='ltr'>rogant</span> <span class='ocrx_word' id='word_1_146' title='bbox 653 2529 735 2585; x_wconf 78' lang='lat' dir='ltr'>‘tibil&#39;</span> <span class='ocrx_word' id='word_1_147' title='bbox 788 2556 835 2588; x_wconf 85' lang='lat' dir='ltr'>ven</span> 
     </span>
     <span class='ocr_line' id='line_1_25' title="bbox 431 2627 542 2688; baseline -0.009 -15"><span class='ocrx_word' id='word_1_148' title='bbox 431 2627 542 2688; x_wconf 88' lang='lat' dir='ltr'>Apollo:</span> 
     </span>
    </p>
   </div>
   <div class='ocr_carea' id='block_1_7' title="bbox 0 0 910 2956">
    <p class='ocr_par' dir='ltr' id='par_1_7' title="bbox 0 0 910 2956">
     <span class='ocr_line' id='line_1_26' title="bbox 0 0 910 2956; baseline 0 0"><span class='ocrx_word' id='word_1_149' title='bbox 0 0 910 2956; x_wconf 95' lang='lat' dir='ltr'> </span> 
     </span>
    </p>
   </div>
  </div>
 </body>
</html>
