1808 2956
267 184 414 222 Anunrnos
433 186 519 222 arasa
536 187 598 224 yur.
772 178 830 225 363

106 342 205 388 dicetur
218 340 293 387 nobis
307 341 392 388 eterit
405 356 471 403 quae
484 343 598 389 maxima
611 357 719 404 semper.

105 444 186 491 quere
197 430 275 490 agite,
292 429 427 488 oiuvenes,
442 431 606 478 tantarumin
614 432 833 479 munerelandum

105 517 200 578 cingite
213 517 305 565 fronde
318 532 405 566 eomas
419 526 444 566 et
456 519 550 580 pocula
563 519 663 580 porgite
677 520 772 567 dextris

50 610 83 656 75
105 620 320 668 communemque
331 616 420 654 vocate
434 607 510 654 deum
524 614 548 654 et
561 607 619 655 date
628 608 685 656 vina
699 601 833 656 volentes'

106 694 215 752 dixerat,
230 693 358 742 Herculea
372 695 472 742 bicolor
485 710 543 742 cum
556 696 668 757 populus
681 696 772 744 umbra

104 783 248 844 velavitque
262 797 349 830 comas
362 783 483 844 foliisque
496 783 591 832 innexa
604 785 726 845 pependit

105 877 131 918 et
142 885 214 918 sacer
227 871 334 933 inplevit
347 872 463 919 dextram
475 871 595 934 scyphus.
624 873 694 920 ocius
709 886 797 920 omnes

105 959 131 1006 in
145 973 261 1008 mensam
273 960 334 1007 laeti
348 959 431 1007 libant
444 959 567 1021 divosque
580 968 725 1021 precantur.

50 1053 86 1097 80
142 1047 248 1095 Devexo
262 1048 359 1095 interea
371 1048 477 1110 propior
490 1048 518 1094 fit
531 1047 629 1110 Vesper
643 1047 763 1110 Olympo,

105 1136 209 1198 iamque
222 1136 368 1184 sacerdotes
381 1137 530 1198 primusque
544 1136 653 1184 Potitius
666 1137 748 1193 ibant,

104 1224 214 1286 pellibus
228 1225 255 1271 in
269 1239 367 1271 morem
380 1225 465 1281 cincti,
481 1225 650 1286 flammasque
663 1225 786 1273 ferebant.

104 1313 249 1361 instaurant
261 1313 350 1374 epulas
365 1320 389 1359 et
402 1326 505 1360 mensae
518 1321 593 1374 grata
605 1313 734 1362 secundae

104 1403 174 1449 dona
186 1401 272 1448 ferunt
285 1402 468 1462 cumulantque
481 1402 593 1450 oneratis
607 1401 725 1449 lancibus
739 1416 804 1449 aras.

50 1495 83 1539 85
104 1497 159 1537 tum
172 1489 229 1536 salii
243 1489 275 1536 ad
290 1495 380 1537 cantus
393 1490 499 1537 incensa
512 1489 605 1538 altaria
618 1491 713 1538 circum

104 1578 223 1641 populeis
237 1578 331 1625 adsunt
343 1578 434 1625 evincti
454 1586 569 1640 tempora
582 1578 668 1633 ramis,

104 1666 147 1714 hic
171 1667 291 1714 iuvenum
315 1665 422 1722 chorus,
449 1666 493 1714 illc
517 1681 622 1723 senum3
650 1665 693 1728 qni
718 1666 832 1713 carmine

405 1756 495 1802 laudes

105 1841 245 1890 Herculeas
260 1849 285 1891 et
297 1844 365 1890 facta
378 1843 470 1901 ferunt,
487 1851 516 1890 ut
528 1844 610 1905 prima
624 1856 748 1890 novercae

104 1938 219 1978 monstra
226 1947 304 1979 manu
312 1932 480 1994 geminosque
487 1946 606 1994 premens
616 1931 712 1979 eliserit
722 1945 829 1992 arigues,

51 2025 85 2068 90
104 2026 134 2066 ut
146 2018 215 2067 bello
228 2020 344 2080 egregias
358 2020 426 2067 idem
443 2021 572 2069 disiecerit
584 2020 668 2077 urbes,

104 2107 263 2170 Troiamque
278 2107 497 2170 Oechaliamque,
514 2116 542 2156 ut
555 2110 632 2156 duros
646 2108 717 2155 mille
730 2107 831 2155 labores

104 2211 164 2257 rege
177 2196 224 2243 snb
238 2196 380 2258 Eurystheo
394 2196 452 2243 fatis
465 2197 572 2244 lunonis
585 2198 689 2259 iniquae

104 2284 246 2346 pertulerit.
270 2273 309 2330 ‘tu
322 2283 474 2345 nubigenas,
490 2285 592 2343 invicte,
608 2284 764 2340 bimembris,

104 2372 283 2434 Hylaeumque
296 2371 472 2432 Pholumque,
489 2388 576 2431 manu,
592 2381 618 2420 tu
633 2371 722 2420 Cresia
735 2381 831 2420 mactas

52 2466 85 2509 95
105 2461 226 2522 prodigia
239 2467 264 2508 et
276 2466 374 2507 vastum
387 2459 499 2507 Nemeae
512 2460 558 2507 sub
571 2475 634 2522 rupe
648 2462 759 2508 leonem.

105 2557 130 2596 te
143 2547 225 2610 Stygii
240 2557 364 2596 tremuere
378 2549 458 2605 lacus,
475 2556 498 2595 te
511 2547 606 2596 ianitor
619 2547 681 2596 Orci

101 2650 160 2682 ossa
172 2651 251 2698 super
262 2637 392 2686 recubans
406 2644 484 2687 antro
499 2651 609 2687 semesa
619 2640 758 2684 cruentet
